4958 6092
242 705 385 782 Milites
404 697 500 790 lardi,
522 719 638 798 quum
652 699 708 818 ¹in
727 697 947 796 Aegyptum
967 701 1183 791 vmissent,
1209 712 1406 802 tantopere
1431 704 1594 810 correpti
1619 714 1708 778 sunt
1731 695 1959 796 hmgisihus
1989 709 2084 774 teon

241 841 388 941 plorum
422 838 624 935 spectatis,
661 841 711 910 vt·
736 835 911 932 protinus
944 859 1067 931 genua
1100 817 1293 912 flecterent
1327 859 1466 937 oesque
1488 851 1682 939 tamquam
1710 858 1799 912 suos
1818 835 1925 910 Deos
1948 832 2084 910 adors-

240 985 336 1050 rent
388 971 457 1048 Sin
479 967 777 1069 Aegyptiorum,
804 967 1035 1050 Graecorum
1062 951 1316 1070 ludorumque
1341 974 1497 1048 uomina
1528 973 1752 1072 prodiemnt
1780 991 1834 1044 ex
1859 968 2084 1063 astrologis3

242 1131 322 1184 non
337 1106 503 1182 'dubium
527 1117 598 1198 est,
624 1105 719 1203 quin
747 1105 871 1180 omnis
896 1107 1029 1212 religio
1054 1105 1145 1220 iude
1167 1109 1351 1202 originem
1376 1107 1541 1183 duxerit
1594 1107 1736 1184 Omnes
1762 1106 1865 1180 oraim
1886 1101 1995 1200 'apud
2018 1125 2087 1200 po·

242 1243 366 1343 pulos,
393 1239 717 1340 quemadmodum
737 1239 841 1338 apud
859 1238 1084 1341 Aegyptios,
1105 1243 1268 1318 Graecos
1290 1241 1520 1342 imosque
1545 1253 1585 1315 et
1607 1243 1733 1331 ludos,
1755 1242 1812 1314 ios
1837 1239 1940 1338 apud
1965 1237 2087 1312 Phoe·

133 1359 140 1368 ’
244 1378 359 1465 nuos,
385 1374 525 1470 syres,
551 1372 785 1463 Chaldaeos,
810 1373 996 1466 Asianos,
1009 1377 1169 1469 Persas,
1186 1377 1342 1466 Slauos,
1364 1377 1591 1465 Germarros,
1615 1377 1809 1464 Sinenses,
1833 1367 2087 1472 Jepanensos,

245 1511 504 1600 Amoricenos,
522 1507 866 1606 Gmealeudmses,
889 1509 1135 1603 sumemus,
1161 1513 1352 1586 Peruenos
1373 1512 1543 1610 aliosque
1569 1512 1809 1612 reperirmtur
1837 1505 1997 1582 easdem
2015 1523 2087 1578 nu-

244 1645 390 1720 mmm
416 1649 464 1736 (0.
481 1653 517 1718 t.
535 1649 594 1720 10
607 1647 669 1718 08.
685 1647 762 1735 00.)
785 1643 945 1735 clusos,
974 1646 1110 1722 eadem
1135 1647 1319 1724 eumalio
1345 1649 1551 1722 eorundem
1573 1647 1775 1721 numinum
1794 1665 1925 1730 sama,
1949 1639 2085 1716 oedem

243 1779 367 1868 idola,
383 1868 387 1874 ἱ
401 1779 539 1857 nalem
558 1779 711 1853 idemus
737 1779 990 1874 significantia
1011 1783 1185 1878 nornine,
1220 1782 1354 1857 cadem
1381 1782 1581 1871 attribute,
1615 1780 1750 1855 eadem
1775 1779 1895 1864 fests,
1922 1773 2085 1850 eaedem

245 1913 409 2003 fabulae,
429 1912 588 1989 eaedem
603 1923 818 2011 temporum
842 1925 881 1988 et
906 1927 1092 1992 terrerum
1112 1915 1319 1994 diuisiones
1345 1919 1620 1993 astronomicae
1646 1916 1802 2012 eiusque
1826 1911 1972 2006 generis
1997 1907 2085 1984 olis.

246 2047 351 2137 Qua
377 2051 526 2139 omnia,
555 2069 671 2148 qnam
694 2048 745 2124 ab
768 2048 929 2125 arbitrio
950 2051 1117 2126 humano
1143 2051 1416 2152 pependerint,
1448 2073 1526 2125 nou
1550 2062 1640 2125 suut
1663 2049 1821 2124 fortuita
1843 2055 1913 2119 ent
1938 2042 2085 2116 misdo-

246 2185 365 2259 nariis
390 2195 608 2282 propagata.
657 2182 745 2260 Non
764 2186 867 2259 erum
890 2186 1129 2260 suffecissent
1154 2186 1260 2262 adid
1282 2187 1404 2262 millia
1428 2206 1624 2262 annorum.
1676 2183 1814 2257 Multos
1836 2181 1938 2252 inter
1951 2187 2085 2272 gentes

246 2321 419 2394 maxime
441 2319 518 2394 sihi
551 2318 735 2414 religione
765 2329 806 2392 et
834 2319 981 2396 artibus
1006 2319 1156 2413 allinas,
1190 2333 1237 2396 vt
1264 2321 1476 2420 Aegyptius
1501 2335 1541 2396 et
1565 2319 1810 2405 Maximnos,
1837 2313 2021 2390 sicessos
2047 2322 2087 2385 et

245 2453 466 2551 Europaeos
495 2455 694 2552 mtiquos,
726 2454 873 2529 nullum
904 2455 977 2529 init
1004 2468 1094 2556 post
1126 2459 1391 2556 antiquissima
1421 2441 1596 2556 ternpore
1629 2453 1905 2528 commercium.
1955 2445 2086 2543 Neque

247 2599 305 2661 tot
328 2599 459 2682 gentes
485 2589 709 2684 religionem
733 2591 986 2688 peregrinam,
1011 2613 1128 2690 quum
1153 2615 1232 2668 nou
1254 2591 1389 2667 melior
1413 2602 1516 2666 esset
1541 2611 1611 2664 sue
1632 2588 1818 2676 naturali,
1841 2584 2086 2682 accepissent

244 2721 325 2796 lrno
348 2722 444 2797 haec
462 2726 652 2802 communi
672 2743 726 2798 ex
749 2725 855 2800 tonse
877 2723 1113 2823 prodierunt,
1139 2749 1214 2825 quo
1236 2739 1410 2824 tempore
1428 2721 1614 2796 zodiacus
1640 2722 1714 2830 luit
1740 2728 1854 2790 ornis
1906 2715 2085 2788 Ceterum
2155 2775 2161 2786 .

243 2857 357 2931 hocce
386 2869 562 2936 seeum
597 2859 823 2955 religionum
856 2861 1090 2959 principium
1122 2860 1387 2952 ssuologicum
1416 2864 1583 2932 nonest
1607 2873 1751 2927 nouum
1779 2861 1820 2923 ot
1851 2848 2085 2934 mauditum

243 2989 315 3064 sod
337 2995 610 3068 vetustissimis
641 2997 684 3068 in
715 2995 822 3070 libris
855 3013 972 3066 aures
1000 2990 1240 3064 idololatrias
1272 2999 1398 3064 astate
1431 2989 1666 3086 propositum
1700 2988 1874 3086 clareque
1904 2983 2085 3058 usuum

226 3125 418 3220 .(Denter.
433 3124 492 3200 lv.
517 3129 605 3222 lo),
627 3129 719 3200 licet
742 3127 956 3220 neglectum
977 3124 1158 3198 neonus
1181 3134 1220 3196 et
1240 3123 1434 3196 reieaum.

347 3255 450 3348 Quid
469 3260 601 3334 valeat
624 3259 676 3331 ad
700 3257 945 3354 philologiam
970 3256 1142 3330 maximo
1163 3254 1437 3356 Aegyptiacem
1459 3255 1759 3356 promoueudsm
1784 3253 1942 3326 interior
1968 3265 2087 3326 astro·

245 3394 398 3467 nomiae
420 3391 705 3486 antiquissimae
727 3388 903 3482 cognitio,
923 3411 998 3486 per·
1012 3411 1054 3464 se
1076 3391 1308 3486 intelligitur.
1360 3392 1460 3467 Tute
1485 3394 1587 3466 enim
1611 3391 1808 3463 literarum
1832 3386 2086 3486 Aegyptiacu-

242 3547 331 3600 rum
356 3523 487 3596 cimai·
508 3533 623 3619 etque
643 3525 865 3598 innumerae
889 3522 969 3598 fere
983 3526 1249 3622 inscriptiones
1266 3527 1447 3603 hactenus
1470 3526 1759 3602 obscurissimae
1785 3523 1876 3612 intle
1896 3523 2085 3598 illustren-

246 3675 320 3737 tur.
371 3657 511 3730 Omnia
543 3655 825 3754 Aegyptiorum
850 3657 1012 3755 scripte,
1047 3673 1229 3758 quotquot
1259 3664 1302 3736 in
1327 3661 1502 3760 Aegypto
1528 3663 1595 3733 ant
1626 3659 1835 3757 Europaeis
1868 3658 1909 3728 in
1943 3656 2087 3728 Mussis

244 3802 414 3882 essunt,
437 3802 529 3865 sunt
549 3788 830 3890 quadruplicia:
859 3789 1053 3868 demotics
1078 3797 1160 3869 sinc
1188 3796 1528 3896 epistolographica
1552 3795 1634 3868 sino
1661 3792 1856 3883 enchorie3
1889 3791 2087 3876 hieratica,

246 3925 541 4024 hieroglyphice,
568 3927 705 4040 typica
757 3925 910 4000 Diserte
935 3925 1153 4004 Herodotus
1179 3931 1385 4027 dnongrit·
1399 3935 1546 4032 typicas
1568 3929 1796 4028 templorum
1819 3925 2086 4022 inscriptiones
2156 3921 2164 3940 ‘

247 4088 272 4138 s
295 4061 451 4159 reliquis
482 4071 596 4156 etque
629 4058 806 4134 Clemens
838 4059 900 4136 ΑΙ.
929 4062 1114 4139 discsmit
1144 4064 1428 4166 hieroglyphice
1459 4065 1687 4160 cyriologice
1717 4073 1831 4160 etque
1866 4057 2087 4152 symbolice,

248 4219 347 4298 quse
367 4204 459 4272 suut
481 4193 608 4291 typica
630 4191 828 4270 Herodoti
878 4195 942 4272 Ex
963 4197 1035 4272 hoc
1058 4221 1196 4294 genero
1212 4211 1303 4274 sunt
1319 4203 1543 4277 innumeras
1562 4199 1829 4295 inscriptiones
1847 4194 2087 4293 templorum,

244 4333 488 4434 palatiorum,
503 4329 832 4426 sormphsgoeum,
855 4331 1163 4424 monolithormn,
1186 4335 1365 4412 ueterum
1393 4347 1505 4436 etque
1530 4336 1700 4410 ommam
1726 4351 1971 4429 pepyrorum,
1990 4345 2087 4426 quas

248 4491 316 4567 pm
342 4465 524 4561 liturgicis
552 4463 774 4540 hauseram
825 4463 910 4540 lam
937 4477 1042 4542 certe
1065 4467 1115 4542 sd
1136 4472 1349 4546 maximam
1373 4472 1568 4546 literarum
1594 4466 1913 4562 Aegyptiacorum
1937 4473 2086 4560 partem

249 4601 377 4689 clauis,
400 4621 515 4698 quam
539 4602 582 4673 in
604 4597 866 4698 metaphysica
889 4614 1004 4699 atquo
1027 4603 1262 4701 mythologie
1288 4605 1433 4682 (iresca
1455 4602 1744 4701 quaesiuerunt,
1767 4601 1882 4690 luent
1903 4598 1946 4670 in
1966 4606 2088 4671 esno-

250 4737 377 4810 nosuie
409 4734 575 4832 antique
626 4721 771 4824 Quodsi
796 4738 900 4811 enim
928 4737 1070 4832 figurae
1096 4739 1186 4814 illae
1210 4740 1460 4815 mucncrnics
1487 4739 1740 4836 accipiuntur3
1781 4735 2004 4808 innumerae
2020 4729 2087 4802 iu-

253 4871 475 4966 scriptiones
489 4867 754 4965 intelliguntur
775 4886 1004 4970 semumque
1021 4873 1261 4948 commodum
1281 4873 1476 4971 praebent
1528 4871 1681 4947 Praeter
1702 4874 1808 4944 uooo
1822 4867 2086 4964 inscriptiones

250 5019 356 5076 mere
375 5005 659 5093 astronomicas,
678 5003 785 5079 nulls
805 5005 885 5078 sere
908 5015 980 5093 est,
1003 5005 1095 5103 quin
1116 5005 1418 5107 hieroglyphicas
1438 5009 1575 5104 figuras
1595 5003 1867 5082 astronomicas
1884 5001 2086 5076 continent.

247 5130 336 5209 Huc
359 5149 529 5230 spectant
540 5139 608 5213 illa
622 5140 763 5238 typica,
780 5140 1043 5234 esrigmatlm,
1063 5139 1262 5242 allegorice
1280 5141 1563 5242 hieroglyphice
1580 5141 1682 5238 apud
1696 5137 1932 5214 clementem
1954 5135 2012 5231 (V.
2027 5141 2090 5222 4.).

251 5263 376 5356 Qun
396 5265 446 5340 ob
462 5293 544 5348 rom
568 5275 782 5363 innumera,
805 5295 901 5373 qun
923 5277 1016 5350 note
1040 5273 1268 5352 studusnmt
1292 5279 1506 5354 mniooestro
1528 5277 1690 5373 assequi,
1713 5269 1813 5346 nunc
1837 5267 1949 5342 facile
1975 5265 2089 5338 certis
