4896 6096
1146 556 1246 634 ¹-
1313 505 1393 585 rm
1447 550 1533 586 -2-

435 744 529 805 nom,
560 719 679 806 quippe
702 716 742 774 12
763 708 894 772 numina
915 705 1038 768 maiora
1061 699 1251 773 referenda,
1283 697 1436 764 Ceterum
1459 693 1566 762 Phtha
1585 712 1651 756 non
1673 687 1778 756 aolnm
1802 684 1839 758 Q
1861 699 1894 752 et
1918 698 1948 764 d
1974 683 2122 772 planetae
2145 685 2271 776 signifi.

435 861 522 921 earo,
545 834 601 900 red
623 833 720 894 etiam
742 823 779 894 Q
800 836 834 887 et
855 821 889 888 rti
917 818 1030 882 domur
1052 815 1195 904 aliaeque
1218 813 1300 882 coeli
1321 828 1451 903 parter,
1472 831 1531 920 per
1550 829 1588 874 oe
1607 806 1799 894 intelligitur
1820 817 1917 891 utque
1938 824 1957 868 e
1978 803 2199 888 ruperioribn'e
2219 826 2272 872 ee·

437 959 556 1044 quitur.
600 942 696 1024 Quod
717 941 802 1006 eninr
827 934 941 1000 Cicero
963 932 1146 998 Vulcanum
1170 933 1344 998 secundnm
1365 941 1614 1004 commemorat,
1642 928 1677 992 in
1699 922 1776 992 Nilo
1798 934 1929 1003 uotum,
1957 917 2120 1006 nigoificat
2144 922 2273 1007 rignum

439 1068 580 1144 zodiaci.
626 1059 763 1126 Conrtet
784 1075 894 1147 porro,
917 1049 1063 1138 Memphi
1086 1047 1270 1116 Vulcanum
1290 1048 1392 1114 iniere
1413 1045 1546 1126 cultum.
1589 1043 1642 1110 Sic
1666 1039 1795 1118 sutem,
1823 1043 1930 1118 (iiior,
1952 1039 2076 1126 inquit,
2097 1033 2274 1124 Ἥφαιστος

439 1209 524 1270 napo
547 1183 744 1262 Μεμφιταις.
786 1168 948 1256 Memphis
969 1189 1068 1248 vero,
1097 1167 1264 1254 prouincia
1286 1171 1343 1248 Q,
1380 1174 1412 1252 Q
1441 1161 1626 1251 respondet.
1669 1159 1761 1254 Ergo
1779 1155 1884 1225 Pintha
1903 1157 2000 1220 etiam
2025 1152 2081 1240 Q,
2107 1155 2273 1222 domim

440 1305 565 1381 domne,
588 1295 737 1360 nimirum
763 1297 795 1376 ς)
826 1289 954 1372 signnm
977 1286 1142 1370 exprimit.
1184 1283 1237 1361 Sic
1260 1296 1293 1348 et
1312 1281 1448 1370 Copton,
1461 1303 1545 1370 qnae
1570 1277 1648 1348 vrbo
1664 1277 1798 1364 Coptica
1818 1286 1953 1339 vocetur
1972 1291 2092 1377 1(qu
2116 1281 2300 1365 mm„

437 1437 588 1506 mm),
613 1429 712 1498 quum
738 1404 909 1470 demandat
931 1424 951 1468 a
972 1395 1144 1498 χω-ᾠ),
1164 1401 1217 1468 vel
1237 1394 1411 1496 κΛι-ψ),
1434 1397 1596 1487 siguificat
1616 1396 1827 1484 prouinciam,
1849 1411 1907 1456 eeu
1928 1411 2060 1456 uomurn
2077 1390 2191 1473 Phua,
2211 1391 2275 1456 lroc

439 1551 490 1606 ω
513 1541 559 1611 Q.
604 1529 731 1614 lieopoe
754 1521 790 1597 Q
811 1523 999 1610 prouincia,
1029 1542 1087 1586 neu
1117 1520 1248 1585 decuria
1276 1531 1359 1600 eet,·
1382 1517 1438 1584 viri
1460 1517 1582 1604 Coptos
1610 1520 1685 1583 site.
1727 1511 1815 1581 Nem
1837 1508 1962 1595 Copton
1979 1522 2096 1576 octana
2119 1523 2169 1576 eet
2194 1508 2273 1576 vrbe

441 1648 588 1738 copitalia
608 1667 628 1710 a
647 1641 766 1708 finibur
783 1638 911 1706 Nubiae
936 1651 1031 1723 arque
1054 1638 1158 1724 prima
1179 1635 1326 1724 capitolia
1347 1658 1367 1700 a
1388 1633 1532 1718 Thebis,
1560 1632 1757 1721 praecedens
1777 1647 1892 1694 venne
1911 1628 2162 1712 septentrionem
2182 1625 2273 1692 vrbi-

441 1769 503 1834 bne
524 1763 686 1847 Tentyrae
713 1773 746 1824 et
772 1755 980 1824 Ptolemaidia
1002 1752 1140 1818 llermii.
1183 1751 1239 1816 Sic
1260 1765 1293 1818 et
1311 1752 1443 1820 &curia
1465 1761 1501 1831 Q
1520 1764 1570 1818 est
1591 1764 1707 1816 mane
1728 1745 1769 1821 ab
1796 1745 1889 1814 initio
1909 1761 1972 1826 rat,
2002 1745 2059 1832 qni
2080 1758 2130 1810 ant
2147 1744 2273 1808 initinor

443 1882 596 1970 Aegypti,
619 1878 758 1946 reconda
781 1877 813 1938 iu
836 1884 887 1952 Υ,
908 1871 1013 1956 priona
1035 1890 1055 1931 a
1077 1867 1205 1934 decuria
1226 1871 1257 1934 e?
1280 1871 1316 1936 iu
1336 1883 1391 1953 γ,
1412 1869 1605 1936 antecedere
1625 1867 1787 1934 &curiam
1807 1867 1882 1948 2et
1908 1865 1952 1946 d,
1977 1885 2062 1950 quae
2081 1861 2277 1948 reapondent

442 2001 606 2084 Tentyrae
630 2009 662 2060 et
684 1987 875 2059 Ptolemaidi
891 1986 1018 2052 Hermii
1040 1985 1117 2066 (vid.
1131 2007 1203 2072 sup.
1221 2009 1253 2074 p.
1271 1985 1350 2070 13).
1379 1986 1423 2052 Et
1443 1986 1527 2054 lraue
1550 1983 1593 2050 ob
1614 2005 1743 2052 caueam
1761 1981 1932 2068 Coptitoa,
1956 1979 1994 2051 Q
2015 1979 2181 2066 adscripti,
2202 1999 2277 2066 pm·

444 2113 659 2204 monebantur
682 2107 755 2174 odio
778 2125 903 2172 annom
927 2115 960 2171 et
981 2101 1188 2182 crocodilum,
1213 2102 1312 2170 Ombi
1329 2105 1362 2170 in
1383 2105 1409 2184 ‘p
1431 2103 1512 2195 vrbe
1533 2101 1648 2182 cultor,
1667 2103 1786 2189 qnippe
1810 2099 1836 2186 ᾖ
1862 2116 1982 2180 umen,
2004 2103 2041 2172 Θ
2060 2095 2278 2164 vero-odoen-

443 2235 556 2300 rarioe·
600 2227 715 2314 ltaque
735 2226 850 2311 negari
873 2223 993 2309 nequit,
1012 2218 1170 2286 uocabulo
1187 2219 1294 2291 Plrtlra
1314 2233 1350 2304 Q
1373 2232 1405 2290 at
1427 2223 1458 2286 r?
1481 2223 1634 2308 exprimi,
1657 2239 1754 2306 quum
1775 2228 1850 2282 cnut
1870 2216 1990 2284 domiui
2011 2217 2176 2302 signorum
2199 2212 2278 2278 elia·

443 2367 577 2434 rumque
597 2345 739 2431 portiom
758 2339 898 2406 Zodinci.
942 2335 1091 2424 Denique
1112 2349 1145 2401 et
1169 2335 1229 2402 lroc
1255 2351 1390 2421 eertum,
1410 2338 1517 2409 Phtho
1531 2335 1714 2425 siguificare
1734 2332 1771 2404 Θ
1791 2335 1825 2398 io
1848 2331 1884 2404 Θ
1908 2343 1994 2406 ete*
2020 2329 2278 2422 peremeiouibur

443 2477 635 2538 vermntem.
679 2458 799 2526 Narrat
827 2452 987 2522 Eusebiae
1008 2452 1084 2536 (lll.
1103 2476 1131 2519 c.
1148 2460 1198 2519 11.
1213 2477 1247 2542 p·
1262 2455 1369 2540 115),
1397 2456 1507 2524 mundi
1533 2453 1682 2542 opificem
1704 2473 1802 2518 ouum
1824 2470 1870 2518 ex
1891 2450 2128 2532 medidiem,
2152 2469 2277 2536 exque

445 2585 539 2650 initio
557 2577 667 2652 muudi
682 2573 801 2657 Phtha,
823 2571 1020 2636 Graecorum
1035 2568 1212 2650 Vulcanum
1233 2576 1424 2659 progenitor
1442 2586 1540 2656 erret,
1559 2575 1654 2660 eiquo
1675 2570 1798 2636 numiui
1813 2591 1908 2635 onem
1928 2589 2066 2634 oacrum.
2109 2567 2180 2634 iarn
2200 2587 2278 2632 vero

444 2712 485 2774 γ
505 2699 642 2786 primum
664 2705 715 2758 eet
734 2693 884 2778 riguum,
906 2685 942 2758 Q
963 2701 1057 2774 pater
1078 2687 1229 2772 deornm,
1251 2693 1337 2756 oriae
1360 2702 1405 2773 a,
1428 2691 1558 2756 domiuo
1582 2704 1620 2764 Υ
1649 2709 1757 2763 racem
1785 2709 1863 2774 ergo
1883 2685 1990 2753 l’lrtlm
2011 2685 2173 2774 niguiiicat
2192 2685 2225 2758 Θ
2243 2688 2277 2750 iu

445 2829 499 2897 Υ,
526 2814 579 2881 vel
607 2807 846 2895 leudnphaerio
868 2808 1027 2892 superiori
1050 2807 1255 2873 warnerum.
1298 2807 1404 2890 Sene,
1437 2829 1510 2873 cum
1533 2805 1642 2890 Plotina
1666 2808 1763 2892 ignea
1790 2784 1909 2872 notura
1924 2805 2109 2872 crederetur
2127 2816 2224 2890 atque
2244 2803 2280 2876 Θ

445 2935 590 3002 maxima
609 2927 777 2994 calefaciat
792 2927 827 2991 in
848 2921 1083 3008 hemisphaerio
1101 2925 1259 3008 rnperiori
1274 2923 1328 3012 (Υ
1338 2961 1376 2976 -
1386 2923 1464 3010 §eir
1486 2939 1573 2990 reete
1595 2921 1643 3008 Q,
1659 2926 1694 2990 in
1710 2921 1747 2994 Q
1760 2921 1814 2990 rel
1835 2926 1865 2990 cl
1880 2923 2120 3012 hemirplreerio
2134 2942 2280 3002 verrano,

446 3044 553 3116 Pintha
571 3044 682 3110 vocari
705 3052 842 3127 poterat.
875 3037 980 3139 ¹Hauc
1002 3041 1100 3104 etiam
1117 3038 1160 3107 ob
1181 3061 1312 3108 caueam
1327 3040 1483 3110 Manetlro
1499 3040 1693 3123 Vulcanum,
1712 3061 1771 3106 een
1792 3039 2186 3127 Pitthe‚,primo.deorurn
2204 3036 2279 3102 loco

413 3161 416 3166 ’
448 3166 596 3252 pomino
616 3160 756 3226 videtur.
801 3141 885 3222 Item
906 3151 1070 3220 Diodorua
1092 3157 1140 3240 (p-
1158 3156 1225 3240 13.)
1248 3169 1282 3224 et
1298 3156 1501 3226 Clementiae
1520 3158 1630 3244 (Hom.
1646 3157 1709 3224 IX.
1723 3158 1752 3235 i.
1768 3161 1827 3240 6.).
1853 3157 1931 3224 Hoc
1948 3156 2036 3237 latit,
2057 3155 2141 3242 qued
2163 3175 2281 3220 omnn-

374 3363 375 3366 ,
449 3281 525 3348 dnm
543 3274 725 3362 Apollinem
747 3271 891 3337 Clarium
913 3267 1069 3345 (Macrob.
1084 3269 1152 3336 Sat.
1170 3270 1199 3338 1.
1220 3293 1249 3338 o.
1267 3272 1336 3359 18.)
1360 3279 1395 3348 Q
1420 3287 1553 3342 vocatur
1571 3274 1629 3343 sot
1647 3276 1791 3361 (mna)
1812 3287 1936 3342 aestate
1955 3277 2010 3354 (5
2036 3280 2069 3360 ς)
2096 3271 2173 3356 11));
2195 3275 2282 3342 acti

449 3395 556 3474 tica,
578 3389 614 3462 Q
635 3391 743 3456 vocari
764 3384 870 3454 Pintho
887 3386 923 3449 in
951 3387 1053 3471 rigule
1075 3385 1135 3451 deo
1161 3386 1268 3454 Phtim
1289 3393 1439 3476 propriin.
1481 3391 1543 3458 llio
1572 3394 1656 3460 euim
1678 3395 1712 3458 io
1733 3395 1839 3478 eignio
1862 3387 1899 3462 Θ
1920 3412 2013 3460 enam
2032 3401 2201 3470 naturam,
2233 3393 2283 3454 ui-

450 3511 567 3589 pirum
590 3507 730 3578 calorem
752 3502 895 3582 exeant,
927 3521 1009 3586 quoe
1030 3513 1081 3566 cet
1102 3501 1155 3564 dai
1175 3501 1280 3568 Plrtlrn
1302 3517 1437 3584 notura,
1465 3507 1586 3577 ocilieet
1605 3511 1715 3592 ignea.
1757 3509 1810 3575 Sic
1838 3521 1872 3572 et
1892 3505 2104 3576 lamblichiuo
2121 3503 2283 3590 (Myros.

450 3625 546 3698 Vlll.
569 3647 596 3692 o.
611 3629 659 3704 3.)
684 3622 776 3703 dicit,
802 3617 990 3698 Ammonia,
1015 3614 1154 3684 Osiridis
1177 3631 1210 3684 et
1231 3619 1354 3688 l'irtlnne
1382 3622 1511 3688 diuerrm
1531 3621 1828 3690 uomina·eioedem
1850 3623 1994 3720 numinis
2008 3623 2121 3692 ruera.
2165 3619 2287 3698 Quern-

452 3743 622 3818 eirnodurn
642 3761 722 3806 vero
747 3737 887 3804 Ammon
906 3749 939 3800 at
962 3734 1078 3818 osiris,
1100 3737 1146 3804 ita
1167 3750 1199 3802 et
1227 3735 1349 3806 l‘htiunr
1369 3745 1406 3816 Q
1426 3739 1575 3827 derigunt
1594 3742 1689 3806 certio
1711 3751 1744 3804 et
1764 3738 1982 3825 peculiaribus
2000 3737 2136 3806 zodiaci
2154 3741 2186 3804 in
2207 3739 2287 3810 locir

453 3863 671 3934 comtitutnm.
694 3853 789 3936 Quod
812 3855 949 3940 denique
971 3847 1129 3939 imagines
1147 3853 1255 3924 Plrtlro
1276 3857 1406 3940 eminet,
1423 3856 1521 3923 trudit
1540 3855 1725 3926 Macrobioe
1746 3855 1830 3940 (Set.
1847 3855 1875 3924 Ι.
1890 3847 1969 3941 18),
1979 3855 2104 3932 'rnna
2117 3877 2184 3924 nen
2203 3837 2244 3924 Θ
2252 3864 2285 3926 in

457 3977 595 4050 witin
611 3973 749 4056 aestiuo²
768 3970 893 4054 effingi
913 3977 1029 4036 oetote
1041 3967 1248 4055 plenitatem,
1268 3968 1379 4054 effigie
1398 3967 1551 4040 herbata.
1578 3974 1680 4042 Porro
1693 3970 1873 4059 Horapolln
1894 3970 1935 4060 (l.
1950 3971 2017 4060 tn.)
2040 3987 2190 4054 tenentur,
2203 3973 2286 4043 ilui-

458 4114 573 4166 canum
596 4091 663 4176 (Q)
684 4109 755 4154 enee
777 4083 1139 4158 marculo-femininum
1161 4086 1414 4174 (apponantur),
1435 4089 1558 4176 pariter
1581 4103 1678 4178 atque
1696 4088 1851 4167 Neitlrnm
1871 4088 1951 4176 (Μ
2002 4089 2036 4171 .).
2081 4087 2190 4168 Quum
2205 4092 2289 4160 Vul-

458 4233 538 4280 cuno
559 4223 592 4274 et
613 4207 782 4274 liliuernae
804 4201 915 4272 vultur
937 4206 1031 4288 (yeme)
1053 4225 1144 4271 recor
1166 4204 1266 4272 inerit
1288 4203 1429 4294 (Horap.
1452 4204 1479 4272 I.
1506 4205 1592 4293 tn),
1621 4205 1789 4296 probnbiie
1810 4221 1878 4290 ert,
1923 4109 2030 4280 Per
2056 4209 2153 4274 edon
2181 4214 2287 4294 eapite

457 4327 596 4400 uulturio
616 4325 768 4411 exprimi.
811 4320 868 4389 Sic
885 4331 918 4387 et
932 4319 1003 4388 Leo
1025 4335 1096 4390 erat
1117 4335 1185 4388 turn
1200 4320 1317 4404 Pitho,
1339 4334 1409 4386 tum
1427 4320 1496 4390 Soli
1517 4345 1609 4392 eacer
1625 4323 1756 4412 (Aeliae
1773 4323 1854 4393 Xil.
1869 4329 1931 4408 ⁷.);
1958 4345 2056 4412 quere
2073 4343 2137 4390 noo
2161 4323 2290 4411 dubito,

458 4447 532 4532 quin
555 4439 673 4526 elna,
694 4459 792 4526 qnnnr
811 4445 848 4518 Q
869 4437 1029 4526 tergum,
1050 4441 1155 4526 capite
1175 4438 1281 4506 leonio
1302 4435 1426 4505 &tur
1447 4439 1558 4508 inerit.
1601 4439 1754 4508 Ceterum
1772 4441 1896 4528 Ἀφθας
1920 4463 1984 4508 uon
2005 4440 2110 4508 differt
2131 4461 2155 4506 a
2177 4444 2291 4530 Φθας,

460 4574 498 4628 vt
517 4559 634 4628 Suidae
652 4556 780 4622 disertio
799 4553 909 4623 verbio
930 4556 1029 4625 tradit
1048 4556 1103 4644 (ro
1120 4581 1142 4624 o
1163 4559 1349 4638 memore,
1367 4554 1411 4633 nir
1432 4555 1597 4644 ἄσταχυς).

545 4671 685 4756 Python,
705 4675 846 4749 Honor,
868 4673 894 4756 n
920 4673 1091 4762 nigrificat.
1118 4672 1181 4738 Per
1196 4671 1390 4742 rnetatireriu
1412 4675 1497 4740 enirn
1516 4672 1681 4740 literarum
1696 4675 1769 4742 Pet
1784 4671 1864 4742 'l'iu
1880 4672 2019 4762 'l'ypirou
2037 4686 2145 4742 ortum
2163 4676 2293 4746 videtur
2433 4717 2434 4720 π

459 4793 522 4864 lroc
541 4809 669 4858 nemen·
710 4784 796 4852 Hinc
814 4785 954 4872 Pytironi
975 4793 1086 4858 eadem
1109 4787 1343 4874 adscribuntur,
1366 4811 1450 4878 qne
1470 4787 1621 4876 'l'ypironi
1643 4789 1779 4879 (Hygia.
1800 4791 1904 4878 praei.
1926 4813 1960 4876 p.
1971 4796 2023 4858 11.
2045 4789 2112 4858 inb.
2130 4799 2202 4862 14⁰.
2217 4795 2292 4884 al),
2433 4779 2434 4784 ἵ

460 4921 497 4974 vt
517 4921 634 4976 natura
651 4902 846 4988 serpentina,
869 4903 955 4972 maia
974 4929 1118 4996 quaeque
1135 4921 1170 4973 ot
1189 4928 1257 4976 nex
1276 4907 1319 4974 cb
1339 4905 1491 4994 Apolline
1511 4909 1576 4990 (Q)
1593 4909 1628 4974 'ei
1647 4905 1758 4974 allate.
1800 4905 1887 4972 Vide
1907 4905 2051 4994 Typhon
2068 4908 2167 4976 inira.

546 5019 693 5108 Serapio,
718 5011 874 5104 Sarapim
895 5019 1039 5104 Σιραπις,
1063 5025 1215 5108 Soporem,
1236 5023 1278 5088 ed
1297 5029 1338 5110 Θ
1357 5037 1515 5116 oportent,
1538 5025 1726 5110 praenomine
1748 5021 1930 5092 hibernent.
1972 5023 2146 5111 iumnptio
2169 5026 2295 5098 Graeco

465 5137 591 5226 Canopi
615 5148 745 5224 reperta
767 5135 947 5222 (termeno
963 5135 1062 5207 lieeb.
1077 5162 1110 5224 p.
1126 5143 1216 5222 47³.)
1235 5137 1317 5206 haec
1336 5141 1455 5210 hubert
1476 5140 1531 5205 Aa
1549 5135 1648 5228 ‘Hire
1669 5144 1795 5228 μιγιλφ
1819 5143 1991 5226 Repende,
2014 5165 2061 5229 tp
2081 5143 2115 5207 iv
2135 5145 2295 5238 anrp.
2433 5137 2434 5146 ’

465 5256 559 5327 Aliae
579 5253 804 5339 inscriptione·
832 5273 898 5318 non
917 5275 1039 5338 poenae
1061 5257 1113 5322 irie
1132 5259 1346 5340 consentiunt,
1365 5272 1402 5323 vt
1423 5255 1584 5322 Philenaio
1605 5253 1665 5336 (iit.
1677 5254 1791 5342 465),
1813 5255 1870 5324 vbi
1889 5257 1992 5326 liabeo
2008 5255 2115 5326 ‘Hiror
2136 5261 2298 5346 iepram

2430 5229 2434 5270 i

2430 5357 2434 5402 i
