4882 6098
1168 527 1533 608 -314-

513 721 573 788 VI.
594 719 702 796 Quom
725 731 848 805 septem
870 716 1073 803 planetarum
1097 715 1170 781 loca
1192 714 1295 781 tribus
1317 719 1350 780 iu
1373 715 1521 782 versibus
1543 714 1751 782 describenda
1775 730 1902 791 essents
1924 717 2050 780 curauit
2074 727 2206 798 auctor,
2231 730 2268 780 vt

428 840 564 929 singulis
588 841 621 902 in
643 833 789 901 versibus
818 833 886 898 bini
912 831 1058 918 planetae
1092 835 1272 902 accuratius
1295 833 1506 899 definirentur
1533 832 1676 919 (Ltn.c.
1693 834 1784 916 «11),
1806 831 1846 898 Β.
1869 829 1973 916 (Dii),
2004 847 2141 918 excepto
2174 855 2270 898 versu

429 963 550 1047 primo,
571 952 628 1021 rbi
650 951 748 1018 trium
768 951 971 1036 planetarum
992 949 1162 1036 longitudo
1183 943 1342 1017 indicatur
1369 951 1426 1038 (Δ.
1449 957 1529 1028 M
1551 953 1609 1037 ῼ).

514 1070 593 1137 Vll.
618 1067 760 1155 Singulis
783 1071 818 1134 in
838 1066 986 1132 versibus
1009 1065 1142 1131 alterius
1160 1065 1310 1152 planetae
1333 1067 1425 1134 locus
1445 1091 1466 1134 a
1487 1069 1645 1155 principio
1666 1087 1791 1144 versus,
1814 1063 1947 1130 alterius
1968 1087 1988 1128 a
2006 1063 2072 1130 fiae
2093 1066 2170 1162 iude¹
2186 1067 2271 1131 indi·

429 1203 538 1272 catur,
561 1208 661 1276 quare
681 1185 759 1251 ordo
782 1184 1153 1272 Trigonodespoterum,
1178 1184 1492 1271 Oeoodespotoruru,
1515 1186 1746 1267 beoariorum,
1765 1182 1961 1262 Horiorum,
1983 1180 2271 1247 Dederatemorio·

430 1330 503 1374 rum
525 1319 557 1372 et
571 1305 756 1371 Moeranum
777 1302 912 1389 singulis
932 1305 965 1367 in
989 1299 1136 1366 versibus
1155 1299 1279 1388 duplex
1300 1314 1360 1366 est.
1391 1300 1500 1379 Quum
1522 1303 1649 1372 Lina.
1666 1315 1733 1368 tres
1753 1297 1905 1386 planetae
1927 1297 2138 1379 definiantur3
2160 1314 2271 1386 partes

429 1424 660 1491 zodiacicam
689 1423 785 1486 tertio
813 1419 943 1506 planeta
972 1422 1161 1484 coniunctae
1183 1420 1289 1486 medio
1311 1422 1345 1484 in
1373 1438 1471 1486 versu
1491 1422 1693 1503 indicantur,
1726 1437 1790 1508 quo
1818 1417 1889 1484 loco
1910 1415 2092 1502 symbolum
2121 1416 2270 1504 planetae

432 1552 554 1606 exstat.

517 1655 612 1720 v111.
637 1654 733 1719 Initio
753 1651 953 1740 cingulorum
976 1671 1128 1716 vemunrn
1152 1671 1326 1739 eorumque
1347 1653 1382 1716 in
1403 1650 1488 1733 fine,
1510 1651 1613 1719 veluti
1639 1653 1741 1719 altero
1765 1653 1868 1729 initio,
1890 1664 2025 1715 exstant
2046 1646 2268 1734 'l'rigouodes-

433 1787 548 1858 potae,
573 1791 651 1858 qnos
674 1770 824 1856 deinceps
844 1783 1022 1858 sequnntur
1045 1767 1307 1854 Oeoodespotae‚
1338 1770 1515 1856 Decuriee,
1545 1771 1667 1854 Horia,
1698 1769 1969 1837 Dodccaternoria
1992 1784 2024 1833 ct
2045 1765 2178 1831 Moerus
2197 1787 2269 1828 cum

431 1889 567 1976 singolis
585 1887 723 1976 planetis
745 1888 952 1968 coniunctae,
975 1899 1011 1950 vt
1032 1875 1164 1972 reliquis
1182 1887 1218 1950 in
1237 1885 1385 1954 Tabulis.

514 2005 579 2070 lx,
601 2003 741 2090 Figurae
762 2001 883 2089 pluries
904 2003 1055 2088 deinceps
1075 2005 1233 2086 repetitae
1253 2004 1388 2070 eandem
1411 2025 1582 2090 perronam
1603 2003 1898 2091 apotelesmaticam
1919 2004 2118 2096 exprimunt,
2143 2017 2177 2066 vt
2198 1999 2269 2066 reli-

431 2126 503 2210 quis
525 2125 560 2186 in
581 2118 729 2185 Tabulis.
773 2118 882 2195 Quam
907 2143 986 2186 vero
1006 2141 1064 2207 per
1086 2120 1217 2184 easdem
1236 2119 1362 2208 figuras
1390 2123 1512 2209 gradus
1542 2123 1787 2207 exprimuntur,
1817 2119 1934 2206 quibus
1952 2100 2082 2205 planete
2101 2133 2210 2186 certos
2229 2117 2271 2182 ab

431 2243 522 2304 initio
544 2238 635 2328 Signi
658 2238 771 2320 distet,
797 2235 943 2324 singulae
965 2236 1091 2324 figurae
1113 2241 1331 2306 numerandas
1351 2253 1439 2306 sunt.

516 2355 562 2420 X.
584 2353 691 2430 Quum
714 2353 840 2436 accidit,
863 2367 898 2419 vt
920 2353 1051 2441 planeta
1070 2356 1148 2422 insit
1167 2357 1201 2420 in
1222 2371 1314 2443 parte
1333 2357 1473 2445 quadarn
1492 2355 1583 2444 Signi
1604 2357 1735 2443 propria
1760 2353 1823 2422 sibi
1843 2356 1906 2441 ipsi
1922 2367 1955 2418 et
1968 2354 2092 2424 dicatas
2112 2373 2272 2439 quumque

430 2475 515 2536 dirae
535 2486 687 2536 ternaeue
711 2471 855 2536 eiusdem
884 2471 977 2558 Signi
999 2486 1107 2558 partes
1135 2495 1208 2536 curn
1226 2472 1357 2560 planeta
1379 2477 1568 2542 coniunctus
1590 2473 1732 2546 eundern
1752 2473 1916 2538 dominura
1934 2468 2072 2536 habent:
2092 2472 2176 2534 istae
2198 2491 2271 2556 par-

432 2607 499 2672 tes,
530 2591 621 2677 quasi
645 2585 953 2672 consubstantiales,
983 2611 1048 2655 vua
1077 2603 1201 2654 tantum
1233 2610 1370 2674 persona
1396 2593 1641 2677 exprimuntur,
1668 2590 1753 2676 quod
1775 2591 1920 2678 sequitur
1948 2585 2092 2673 exlege
2113 2586 2142 2652 1.
2185 2585 2272 2652 Hinc

430 2706 486 2790 fit,
518 2721 554 2770 vt
579 2704 737 2771 naturalis
763 2719 1003 2792 segrrreutorum
1031 2704 1251 2772 Zodiaonlium
1283 2709 1381 2789 ordo,
1414 2711 1532 2794 quippe
1561 2731 1625 2795 qno
1654 2709 1793 2773 maiores
1817 2705 1911 2793 Signi
1938 2717 2049 2792 partes
2075 2703 2271 2787 praecedunt

430 2829 586 2904 minores,
615 2827 735 2908 passim
763 2822 910 2892 turbatus
938 2839 1112 2912 appareat,
1143 2837 1178 2889 vt
1201 2823 1333 2912 reliquis
1359 2828 1394 2890 in
1418 2822 1567 2893 Tabulis.
1610 2821 1746 2890 llinoe.
1767 2846 1802 2911 g.
1823 2823 1950 2888 Horiou
1974 2820 2133 2886 antecedit
2155 2819 2268 2886 Daou-

431 2943 513 3004 riam
544 2954 640 3024 atque
660 2939 746 3004 idem
771 2939 995 3026 Oecodespota
1025 2946 1096 3030 ipso
1119 2944 1333 3029 exprimitur,
1361 2963 1458 3030 quoru
1482 2943 1708 3030 Oecodespota
1736 2956 1769 3009 et
1789 2943 1915 3008 Horioo
1942 2938 2077 3004 eundem
2104 2937 2270 3006 dominum

430 3056 561 3122 habent.
605 3053 712 3130 Quam
733 3057 774 3122 ad
796 3056 1011 3127 turbationem
1037 3061 1237 3128 iudicandam
1268 3063 1384 3145 passim
1415 3060 1551 3130 diuersis
1571 3063 1717 3148 personis
1740 3060 1855 3126 eadem
1882 3055 2030 3143 symbola
2054 3055 2271 3142 adiunfflntur

429 3173 505 3258 (col.
523 3173 562 3238 A.
581 3183 612 3240 3.
630 3182 651 3236 4
659 3195 667 3250 ς
689 3173 728 3239 Β.
749 3179 781 3240 6.
798 3179 829 3240 7.
847 3181 909 3258 8.),
942 3197 1144 3264 quaequam
1176 3179 1341 3265 sequaris,
1374 3179 1484 3243 venies
1515 3177 1554 3244 ad
1585 3192 1711 3264 partem
1737 3178 1829 3264 Signi
1850 3197 1871 3240 a
1890 3189 1982 3261 perte
2010 3174 2108 3240 modo
2129 3174 2269 3280 iudicata

431 3292 617 3376 proximam
636 3289 824 3376 legitimam.

516 3404 580 3469 XI.
602 3403 657 3468 Sol
677 3403 807 3490 planeta
829 3408 960 3493 eiusque
980 3411 1200 3494 possessiones
1223 3413 1263 3476 iis
1288 3408 1443 3494 symbolis
1465 3413 1691 3496 exprimuntur
1714 3413 1846 3498 passim,
1863 3431 1945 3495 quae
1967 3412 2163 3473 conueniunt
2178 3409 2268 3497 Signi

430 3520 571 3584 Dornino
593 3541 665 3582 curn
690 3525 933 3607 Q),couiuncto,
966 3541 999 3590 vt
1021 3525 1153 3612 reliquis
1181 3529 1215 3589 in
1238 3523 1385 3593 Tabulis.
1439 3524 1533 3604 Quod
1564 3529 1709 3615 seqnitur
1738 3550 1783 3592 ex
1806 3527 1933 3592 disertis
1958 3538 2104 3591 veterum
2124 3530 2268 3592 testimo·

428 3641 489 3702 nris
510 3638 557 3724 (p.
577 3638 654 3717 esp.

512 3754 593 3820 Xll.
616 3754 739 3820 Omnes
761 3777 798 3820 ac
819 3757 967 3844 singulae
981 3761 1093 3844 papyri
1115 3773 1244 3826 nostrae
1264 3757 1390 3845 figurae
1402 3761 1454 3834 ,ad
1472 3783 1530 3828 coe
1550 3760 1698 3847 planetas
1714 3735 1888 3849 eorumque
1910 3765 2132 3848 possessiones
2151 3759 2268 3828 Zodia·

428 3871 514 3936 cales
536 3871 723 3936 referendae
746 3887 837 3954 sunt,
869 3875 909 3939 ad
931 3898 1012 3962 quos
1041 3874 1201 3962 prioribus
1221 3879 1254 3942 in
1280 3876 1416 3944 Tabulis
1444 3891 1541 3966 atque
1571 3877 1612 3944 ab
1633 3880 1715 3965 ipsis
1735 3877 1901 3945 veteribus
1921 3878 2147 3966 scriptoribus,
2176 3893 2211 3944 vt
2230 3882 2268 3943 in

426 3988 571 4054 Pantheo
592 3989 883 4054 demonstrauimus
904 4013 1012 4077 supra,
1034 3993 1226 4058 referuntur.

513 4104 652 4191 Cognita
675 4107 876 4192 superiorum
899 4123 1176 4176 monumentorum
1195 4115 1485 4188 asuenomicprum
1506 4110 1626 4193 indole,
1649 4111 1743 4178 focile
1762 4111 1972 4201 intelligitur,
1997 4113 2284 4199 personaelruius

425 4224 538 4307 papyri
563 4225 730 4308 primarias
761 4243 848 4288 esse:
880 4222 1219 4315 Crocodilooephalurn
1248 4233 1281 4296 iu
1302 4252 1385 4295 naue
1406 4231 1492 4310 (Liu.
1505 4228 1582 4314 B.);
1608 4233 1748 4318 quinque
1776 4231 1924 4316 symbola
1951 4253 2041 4297 sacra
2070 4251 2088 4294 a
2115 4227 2200 4296 binis
2236 4251 2286 4300 et

424 4342 588 4429 quaternis
603 4342 753 4427 utrinque
776 4345 923 4426 personis
946 4345 1048 4410 cincta
1070 4361 1103 4412 et
1117 4348 1250 4414 adorata
1273 4345 1363 4431 (Lin.
1378 4347 1426 4422 A;
1452 4353 1484 4414 5.
1499 4353 1530 4414 6.
1546 4351 1578 4412 7.
1593 4349 1653 4432 8.),
1672 4361 1707 4412 vt
1727 4337 1829 4433 supra
1852 4346 1948 4435 (rats
1964 4346 2022 4412 vt.
2037 4344 2114 4409 Lin.
2134 4343 2173 4412 ll.
2189 4347 2285 4433 D.);

423 4454 734 4542 Hieracoceplralum
757 4459 845 4523 disco
868 4475 900 4524 et
922 4475 1048 4547 sceptro
1072 4466 1230 4551 insignem
1254 4463 1307 4546 (Β.
1325 4466 1389 4550 5.);
1416 4463 1515 4532 Boane
1538 4477 1721 4551 serpentem
1744 4464 1864 4532 alatam
1886 4463 1936 4550 (C.
1951 4467 2017 4544 7.);
2046 4461 2158 4530 rutha
2178 4469 2290 4534 vine-

423 4585 491 4636 tum
514 4573 626 4656 (0.1.)
647 4591 743 4664 atque
763 4577 978 4644 Soarabaeum
1004 4579 1057 4665 (Β.
1078 4583 1136 4664 1.).
1183 4579 1275 4656 Quae
1295 4580 1432 4667 figurae,
1454 4605 1551 4668 qaum
1571 4584 1714 4648 maxime
1736 4585 1876 4650 omnium
1896 4585 1960 4646 sint
1984 4581 2170 4662 distinctae,
2194 4581 2288 4667 plra-

421 4703 514 4756 netns
535 4691 718 4778 significent
739 4715 782 4758 ex
812 4694 885 4782 lego
904 4696 949 4762 ll.
991 4699 1140 4764 Proiecto
1164 4696 1490 4785 Crocodilooeplralus
1511 4697 1564 4782 (Β.
1582 4701 1636 4783 4),
1659 4703 1777 4787 quippe
1797 4697 1884 4766 solos
1905 4700 1985 4764 naui
2004 4713 2129 4782 neotus
2151 4697 2290 4784 plano-
2435 4731 2436 4754 .

420 4820 485 4874 tem
514 4809 723 4894 primarium,
757 4808 792 4880 Θ
822 4813 984 4898 designat3
1021 4815 1144 4882 Mumia
1173 4813 1289 4902 (C.1.)
1319 4814 1373 4880 vel
1399 4815 1507 4884 Phtha
1535 4818 1663 4884 rinctus
1689 4824 1719 4886 θ’
1752 4815 1826 4900 (ool.
1839 4813 1926 4882 Tau.
1943 4813 2024 4881 Vll.
2045 4815 2081 4882 C.
2101 4822 2161 4898 3.);
2194 4815 2295 4888 Bou

326 5013 329 5020 ,
418 4920 471 5006 (C.
490 4925 536 5006 7.)
569 4927 593 5008 i)
624 4925 720 5007 (Tau.
734 4926 794 4991 Vl.
809 4927 846 4991 F.
865 4933 950 5013 tn),
987 4955 1050 5018 qno
1080 4947 1229 5020 spectant
1259 4935 1356 4999 etiam
1382 4955 1499 5020 porcus
1533 4939 1577 5020 (p.
1597 4935 1683 5020 198.)
1714 4948 1748 4999 et
1775 4935 1883 5017 eapite
1911 4933 2100 5000 detruncata
2129 4932 2186 5017 (Α.
2206 4939 2291 5022 8.),

420 5035 446 5104 ῐ)
476 5050 509 5100 et
530 5043 560 5101 θ’
583 5045 729 5125 symbola
753 5043 852 5132 (Tab.
870 5047 913 5114 V.
928 5047 966 5113 C.
981 5055 1040 5132 3.);
1066 5051 1171 5116 discus
1191 5051 1314 5120 lunaris
1335 5073 1408 5120 cnm
1429 5069 1584 5118 cornuum
1603 5052 1709 5139 specie
1730 5049 1789 5137 (Α.
1805 5055 1849 5133 7.)
1872 5057 1913 5129 »ς
1936 5052 2057 5118 securis
2074 5048 2127 5116 rel
2150 5048 2293 5123 clauus
2434 5035 2435 5114 ἐ

414 5154 464 5234 (Α.
483 5159 515 5218 6.
538 5154 598 5218 col.
620 5158 702 5226 Tab.
721 5163 765 5226 V.
782 5163 825 5227 H.
846 5172 875 5229 t.
894 5171 961 5251 8.),
992 5176 1045 5246 2l³
1065 5170 1311 5236 instrumentum
1331 5169 1472 5236 Veneris
1502 5183 1536 5236 et
1562 5181 1752 5237 ornamenta
1772 5167 1825 5250 (A.
1843 5171 1875 5234 ὅ.
1897 5167 1981 5236 Tau.
2002 5165 2043 5231 V.
2064 5167 2141 5234 lin.
2153 5167 2196 5234 V.
2217 5176 2299 5262 3.)

413 5275 456 5354 23
486 5270 781 5356 Hierecoeephalus
808 5277 856 5356 (Β.
877 5285 918 5360 5.)
941 5289 981 5367 ξς
1009 5284 1146 5363 denique
1175 5285 1376 5352 scarabaeus
1406 5287 1460 5369 (B.
1478 5289 1525 5368 l.)
1554 5289 1580 5354 Β
1612 5287 1884 5369 Oecodespotam.
1938 5287 2101 5350 Personae
2128 5285 2209 5352 Liu.
2241 5295 2303 5364 Α,
