4882 6098
382 518 416 564 κ
886 483 1251 565 -347-

154 678 288 752 Romani
321 672 421 744 urhes
441 684 623 740 memorant
643 672 788 740 maditus
810 685 918 741 estate
939 675 1087 758 Saturni,
1118 675 1151 741 h.
1168 695 1198 739 ι.
1228 686 1305 738 ante
1327 693 1445 740 annum
1465 678 1569 758 2782,
1598 679 1717 764 quippe
1740 692 1866 765 septem
1886 681 1998 767 primis

155 811 226 888 post
244 793 418 864 Diluninm
446 789 583 861 sacmhs
605 791 852 873 (3480-2784
869 815 899 859 ι.
917 793 1007 880 Ch).
1050 792 1102 859 Au
1127 811 1192 857 non
1221 789 1273 856 his
1297 793 1429 878 egregie
1453 805 1543 859 aetas
1565 792 1691 858 Diluuii
1713 797 1847 882 eiusque
1868 801 1998 863 uniuer-

156 919 233 982 sitas
248 909 481 982 confirmaturi
518 908 555 973 Si
583 909 668 972 enim
688 907 859 976 DIquium
889 911 1003 976 luisset
1035 908 1179 990 nullum,
1207 921 1264 973 sut
1297 910 1457 985 anterius3
1495 923 1625 975 veteres
1654 913 1798 998 proiecto
1832 929 1889 981 ant
1917 914 1998 981 nihil

157 1031 363 1100 tradidissent
385 1026 427 1094 do
448 1047 552 1114 regno
574 1023 705 1091 Saturni
732 1048 830 1124 super
853 1039 958 1092 totum
979 1049 1082 1114 genus
1096 1028 1280 1092 humanum
1302 1029 1428 1112 primo,
1460 1040 1516 1092 aut
1538 1027 1635 1092 aliam
1657 1032 1720 1116 ipsi
1741 1032 1909 1117 periodum
1939 1033 1996 1096 ad-

155 1151 371 1237 ιιιίριὶιιιιιι,
395 1163 492 1232 quam
514 1142 651 1226 primam
672 1155 747 1209 aute
769 1143 965 1227 Hesiodum,
989 1147 1117 1210 tertiam
1141 1161 1217 1212 ante
1244 1146 1419 1221 Οιιὶἀίιιιιι,
1448 1156 1595 1230 quartam
1621 1158 1695 1211 ante
1718 1133 1878 1212 Proclum.
1921 1147 1996 1214 Huc

155 1267 273 1334 amedit
297 1262 431 1343 lahuls,
458 1281 521 1348 qua
542 1259 913 1349 Saturnus·progeniem
935 1283 1027 1328 susm
1050 1263 1170 1328 deleuit
1198 1286 1235 1328 ac
1258 1263 1445 1340 decorauit,
1472 1275 1586 1348 postea
1607 1285 1685 1328 vero
1709 1263 1814 1350 denuo
1836 1247 1996 1332 inlucem

156 1386 316 1452 euomuit
352 1378 463 1456 Quum
481 1375 574 1442 'enirn
602 1374 746 1460 abyssus
762 1393 795 1444 et
818 1380 979 1444 infernum
1008 1378 1034 1462 l>
1062 1384 1194 1466 prQria
1223 1394 1330 1446 essent
1352 1382 1399 1466 (p.
1422 1379 1528 1464 198.);
1566 1401 1756 1464 persuasum
1777 1381 1856 1446 mihi
1876 1381 1993 1465 haheo,

156 1499 244 1566 illarn
267 1499 515 1586 progenitorum
537 1496 832 1581 antiquissimorum
854 1496 1106 1564 submersionem
1136 1496 1319 1584 significare
1342 1519 1387 1562 ex
1416 1501 1551 1581 mystica
1571 1511 1717 1562 veterum
1741 1501 1867 1564 ratione
1888 1501 1995 1584 ipsum

157 1617 339 1684 Diluuiam.
382 1611 475 1689 Quae
503 1611 631 1697 quidem
658 1616 766 1678 omnia
794 1613 1001 1681 contribuunt
1033 1615 1073 1681 ad
1105 1613 1354 1680 confirmandam
1385 1635 1585 1680 communem
1613 1617 1758 1702 gentium
1791 1616 1831 1681 de
1861 1615 1995 1682 Diluuio

156 1734 364 1800 sententiam.
404 1729 441 1796 ld
463 1740 573 1795 entem
594 1731 823 1815 grauissimum
844 1745 911 1814 est,
941 1732 1115 1797 zodiacum
1138 1754 1242 1819 neque
1271 1743 1345 1795 ante
1372 1729 1540 1797 Diluuium
1563 1733 1731 1818 generale,
1764 1755 1869 1821 neque
1891 1733 1993 1800 multo

156 1863 238 1936 post
264 1847 387 1914 Diluuii
415 1857 553 1912 ιιιιιιιιι
575 1847 654 1910 oriri
682 1849 826 1932 potuisse
854 1850 1028 1915 seeundum
1052 1851 1155 1914 omnis
1178 1850 1392 1914 astronomiae
1413 1869 1470 1911 seu
1496 1848 1691 1937 astrologiae
1712 1853 1883 1916 rationem.
1926 1851 1994 1938 Ap·

157 1968 402 2054 paretitsque,
424 1963 597 2044 Z'odiaeum
626 1966 733 2050 ipsum
755 1965 856 2030 veluti
876 1968 910 2032 in
933 1967 1091 2033 auxilium
1119 1967 1220 2031 luisse
1239 1975 1388 2050 uocatum
1412 1987 1431 2028 a
1452 1967 1564 2048 primis
1583 1979 1657 2051 post
1678 1966 1845 2034 Diluuium
1867 1971 1995 2055 sapien-

157 2082 260 2167 tihus,
281 2073 317 2149 vt
338 2085 372 2147 in
396 2093 574 2152 aeternum*
587 2094 770 2166 testaretur,
794 2086 941 2150 euenisse
965 2097 1040 2150 anta
1062 2083 1122 2150 hos
1144 2087 1229 2150 5300
1252 2103 1354 2149 annos
1376 2082 1515 2171 aliquid,
1546 2083 1631 2171 quod
1654 2083 1693 2149 sd
1716 2106 1828 2151 omnes
1847 2100 1995 2171 posteros

155 2204 352 2289 pertineret,
374 2221 438 2286 quo
458 2220 545 2264 nona
570 2211 675 2266 ιιιιιιι
696 2199 848 2283 conditio,
870 2221 957 2266 nous
979 2204 1121 2266 omniurn
1142 2221 1249 2266 rerum
1273 2213 1439 2287 gestarum
1461 2202 1597 2267 historia
1616 2206 1770 2288 eoeperit.

243 2319 347 2385 Porro
368 2338 415 2381 ex
439 2319 655 2383 monumentis
676 2318 911 2405 Aegyptiorum
931 2323 1153 2386 astronomicis
1174 2331 1404 2406 cognoscetur,
1432 2322 1486 2406 qui
1509 2339 1605 2405 reges
1632 2332 1728 2406 utque
1748 2319 1912 2404 dynastiae
1932 2321 1997 2387 Αι-

153 2438 343 2524 gyptiorum
365 2445 561 2500 coaetaneae
580 2434 711 2500 luerint.
755 2434 863 2511 Quum
887 2457 945 2522 per
966 2449 1069 2503 totum
1094 2450 1252 2504 terrarum
1275 2437 1386 2503 orbem
1413 2457 1515 2520 regna
1537 2437 1660 2498 maiora
1683 2457 1701 2511 e
1721 2438 1899 2503 minorihus
1921 2462 1998 2526 pro·

155 2555 286 2638 dieunt,
312 2566 410 2638 atqua
431 2537 547 2618 iisdem
566 2552 600 2616 in
623 2555 718 2617 tersit
739 2553 853 2619 eodem
871 2567 1016 2641 tempore
1035 2554 1146 2641 plures
1167 2576 1262 2642 reges
1283 2555 1421 2635 fuerint,
1446 2574 1510 2618 uon
1534 2547 1665 2614 dubium
1691 2565 1756 2634 est,
1780 2557 1855 2639 quin
1875 2558 1910 2619 in
1932 2556 1997 2622 Αι-

154 2685 258 2759 gypto
271 2690 413 2762 ,quoqne
434 2670 536 2734 aeriis
559 2666 757 2754 temporibus
777 2670 887 2756 plures
909 2670 1015 2758 reguli
1035 2685 1068 2736 et
1089 2672 1255 2756 dynastiae
1278 2672 1390 2736 eodem
1410 2683 1554 2754 tempore
1574 2665 1750 2732 floruerint.
1794 2666 1901 2745 Quum
1915 2647 1997 2737 'Ma-

126 2859 130 2864 ,
152 2791 256 2868 netho
278 2790 397 2856 diserte
418 2807 485 2854 non
507 2785 623 2863 tradat,
646 2786 809 2870 dynastias
831 2809 944 2876 regum
966 2802 1062 2876 atque
1084 2788 1228 2875 singulos
1248 2810 1360 2875 regas,
1384 2808 1463 2874 quos
1482 2784 1539 2850 ille
1561 2783 1710 2870 deinceps
1732 2801 1915 2870 enumerat,
1942 2788 1998 2852 de·

151 2914 272 2997 inceps
291 2924 462 2992 regnmee:
493 2902 618 2968 'dudum
646 2904 686 2967 dc
707 2927 745 2970 eo
766 2904 910 2970 historici
933 2908 1035 2971 nostri
1057 2905 1223 2986 viderunt,
1254 2924 1412 2990 quaenam
1435 2925 1549 2990 regum
1570 2899 1712 2966 familiae
1733 2925 1798 2968 vno
1822 2903 1999 2996 eodemqpe

147 3039 310 3112 tempore
327 3025 362 3087 iu
382 3019 532 3107 Aegypto
552 3024 773 3107 regnauerint,
798 3021 874 3088 lieet
895 3023 1128 3088 diuersissimas
1150 3025 1184 3088 iu
1206 3033 1315 3106 partes
1333 3019 1480 3087 abierint.
1524 3020 1561 3085 In
1585 3019 1635 3085 his
1656 3043 1736 3085 vero
1756 3023 1905 3086 eruendis
1926 3026 1999 3088 exi·

149 3146 266 3210 mian
288 3138 341 3204 vel
359 3141 486 3203 unicam
507 3159 601 3224 opem
623 3138 710 3203 ferre
733 3142 960 3206 astronomiam
981 3139 1235 3226 Aegyptiacam,
1255 3159 1320 3201 non
1347 3159 1429 3224 opus
1451 3151 1502 3202 est
1522 3138 1754 3203 demonstrare.
1799 3138 1889 3203 Idem
1910 3139 2000 3205 valet

148 3262 199 3326 de
232 3253 373 3344 singulis
398 3253 537 3340 regibus.
579 3257 702 3322 Eodem
725 3259 811 3322 euim
839 3271 984 3343 tempore
1005 3279 1234 3345 nonnunquam
1263 3279 1378 3344 regum
1408 3256 1525 3321 fratres
1549 3254 1604 3320 vel
1630 3254 1691 3322 lilii
1719 3255 1773 3322 vel
1802 3254 1856 3321 alii
1889 3255 2001 3322 affines

146 3377 234 3446 aliis
250 3376 290 3440 in
303 3373 442 3460 Aegypti
458 3372 604 3457 pertibus
619 3387 676 3438 ant
695 3377 870 3462 prouinciis
885 3379 1010 3441 exteris
1029 3396 1185 3463 regnasse
1197 3374 1361 3456 ridentur,
1382 3393 1463 3460 quos
1479 3371 1709 3440 Manethouem
1725 3376 1758 3438 iu
1781 3374 2001 3458 dynastiarum

145 3489 356 3563 cosenamin
376 3491 493 3554 seriem
513 3493 692 3577 recepisse,
722 3507 1055 3587 cousentaneum-est.
1100 3493 1152 3558 Sic
1174 3505 1279 3556 aetate
1300 3491 1501 3578 LagIdarnm
1528 3489 1583 3554 alii
1606 3514 1701 3578 reges
1725 3491 1854 3556 luerunt
1875 3493 1908 3553 in
1930 3489 2001 3554 aliis

145 3613 306 3700 Aegypti
328 3606 476 3696 partibus
503 3605 558 3672 vel
579 3611 764 3694 prouinciis.
809 3612 861 3677 Sic
883 3613 916 3675 iu
941 3611 1087 3695 dynastia
1108 3608 1239 3673 XVIII.
1259 3622 1398 3695 quatuor
1421 3609 1599 3694 principes,
1629 3621 1665 3671 vt
1687 3607 1842 3685 sidImus,
1871 3629 2002 3672 enume-

146 3741 292 3808 rantur,
314 3727 505 3814 quivixac
526 3728 646 3791 uarix
667 3727 795 3814 quidem
817 3729 879 3792 nisi
902 3747 974 3792 oum
998 3725 1081 3809 aliis,
1103 3725 1157 3791 vel
1184 3725 1256 3791 aliie
1277 3728 1310 3790 in
1334 3727 1508 3812 prouinciis
1528 3743 1663 3809 regnare
1685 3734 1873 3806 potuerunt.
1916 3724 2003 3789 Ilinc

142 3849 266 3914 etiarn
292 3843 408 3924 daret,
433 3839 595 3908 'l'ahulam
620 3843 818 3912 Banlsosiam
839 3865 911 3910 cum
932 3866 1047 3931 regum
1072 3843 1221 3931 catalogo
1243 3865 1301 3908 suo
1324 3864 1396 3907 esse
1417 3859 1540 3905 ueram.
1583 3838 1742 3903 Putarunt
1765 3843 1870 3923 enim,
1903 3841 1950 3906 ibi
1970 3845 2003 3906 in

142 3965 244 4033 serie
272 3981 388 4048 regum
409 3962 514 4027 omitti
534 3963 704 4049 principes.
748 3963 885 4031 Imo‘ex
904 3960 1187 4030 obseruationibus
1209 3962 1329 4025 nostris
1349 3957 1571 4023 astronomicis
1592 3955 1810 4040 concluditur,
1832 3956 2005 4023 Manetho-

145 4103 230 4150 uem
258 4082 297 4144 in
322 4077 472 4166 catalogo
493 4099 553 4144 sno
575 4101 778 4146 enumerasse
801 4097 897 4167 rages
919 4101 1077 4162 coaeuos,
1099 4100 1178 4164 quos
1200 4099 1279 4142 saue
1301 4073 1429 4141 'I'ahula
1451 4073 1618 4141 Banlresia
1639 4077 1756 4140 omisit.
1800 4075 1885 4140 Hinc
1907 4077 2005 4139 etiam

145 4197 366 4286 explicatur,
389 4195 475 4281 quod
495 4209 624 4266 veteres
644 4201 764 4285 passim
786 4199 899 4264 iisdem
922 4177 1081 4282 dynastiid
1098 4217 1192 4282 reges
1214 4216 1378 4283 annosque
1401 4194 1648 4278 adsscripernnt,
1670 4213 1754 4254 nune
1775 4190 1897 4276 plures,
1921 4169 2005 4258 nune

146 4319 348 4406 pauciores.
390 4310 519 4377 Deinde
539 4316 572 4379 in
593 4336 707 4402 regum
726 4313 958 4402 Aegyptiorum
977 4314 1126 4400 catalogo
1149 4311 1232 4398 apud
1253 4311 1485 4378 Manethouem
1508 4309 1652 4396 aliosque
1673 4311 1841 4374 innumera
1859 4311 1928 4374 lere
1949 4331 2009 4376 ue·

145 4437 258 4502 rn'rna
279 4430 509 4496 desiderantur.
554 4428 677 4498 Contra
701 4436 735 4500 in
758 4436 972 4500 monumentis
990 4432 1200 4518 Aegyptiacis
1227 4433 1396 4496 innumera
1413 4431 1482 4494 iere
1504 4449 1619 4515 regum
1641 4429 1770 4490 uomina
1793 4431 2008 4513 reperiuntur,

143 4568 349 4633 eorumque
370 4527 459 4613 iacta
478 4547 664 4630 traduntur,
687 4549 882 4638 dequibus,
904 4551 945 4616 ad
963 4571 1121 4639 quaenam
1142 4563 1288 4635 tempora
1304 4560 1460 4636 spectent,
1484 4567 1547 4610 non
1564 4556 1701 4609 constat.
1746 4541 1904 4619 Quamuis
1926 4548 2010 4610 enirn

141 4665 318 4735 historici
343 4667 556 4731 recentissimi
578 4669 895 4753 operamdederint,
925 4682 962 4734 vt
984 4669 1141 4734 eiusmodi
1163 4690 1258 4754 rages
1280 4667 1463 4752 incognitos
1486 4683 1562 4728 suas
1590 4662 1632 4727 ad
1655 4661 1820 4748 dynastian
1840 4663 1944 4726 iustas
1961 4681 2013 4726 re·

136 4787 314 4864 ferrent3
336 4789 580 4872 negaritemeu
602 4787 724 4872 nequit,
746 4790 844 4851 meris
867 4789 1059 4852 coniecturis
1079 4784 1158 4851 nihil
1179 4787 1258 4849 certi
1278 4783 1428 4848 constitui
1450 4801 1565 4867 posse,
1587 4781 1652 4844 imo
1675 4799 1930 4865 saepenumero
1952 4777 2015 4842 lal-

144 4903 319 4970 sissimas
341 4904 510 4988 opiniones
533 4901 609 4968 inde
629 4915 718 4966 ortas
742 4923 826 4968 esse.
869 4903 922 4968 Sic
943 4904 1099 4984 vidimus,
1133 4923 1230 4988 quarn
1250 4900 1332 4966 false
1355 4897 1581 4985 Sarcophagus
1601 4896 1817 4962 Londinensis
1840 4893 1882 4959 ad
1902 4915 2017 4984 regum

138 5019 409 5118 Aegyptiorum
432 5019 597 5103 dynastias
618 5031 656 5090 et
673 5031 819 5107 tempora
840 5019 947 5086 aliena
965 5020 1062 5084 fuerit
1085 5017 1216 5084 relatus.
1260 5017 1330 5083 laur
1352 5038 1450 5104 quum
1471 5017 1504 5080 in
1523 5015 1681 5079 eiusmodi
1702 5035 1816 5102 regam
1838 5015 2017 5101 incognito-
2152 5073 2155 5088 ,

129 5157 239 5208 mm
268 5137 490 5202 monumentis
512 5146 642 5220 praeter
659 5137 825 5206 historiam
847 5139 944 5203 etiam
964 5125 1224 5202 constellationes
1244 5134 1449 5224 planetarum
1469 5135 1657 5216 tradantur,
1679 5155 1738 5220 per
1759 5129 2019 5214 cointelligitur,

132 5263 332 5348 quantum
347 5253 517 5326 historiam
527 5259 730 5328 ¹astronomia
750 5255 1068 5344 uostraAegyptiaca
1082 5253 1284 5321 illustratura
1299 5255 1351 5320 sit.
1373 5253 1521 5342 Denique
1536 5249 1653 5318 codem
1669 5252 1889 5328 fundamento,
1906 5245 2024 5309 artium

1490 5356 1610 5430 ΧΗ
