4928 6102
1173 506 1506 586 „10-

425 695 640 781 adiungantur
662 701 760 762 etiam
781 696 864 766 aliae
888 697 1044 785 quaedam
1065 697 1356 784 disputatiunculae
1377 698 1418 761 de
1444 694 1653 764 diuisiouibus
1677 709 1857 782 temporum
1879 696 1963 781 apud
1985 695 2182 783 Aegyptios,
2211 695 2251 759 de

424 815 628 900 opinionibus
643 835 755 878 eorum
770 815 1051 901 apotelesmsticis,
1067 827 1164 902 atque
1178 817 1217 880 de
1236 815 1308 880 aliis
1322 817 1521 900 argumentis
1536 814 1577 878 ad
1593 817 1823 879 astronomiam
1838 811 2084 897 pertinentibus.
2104 813 2251 878 Secunde

424 931 599 1017 disputatio
628 929 787 1015 spumabit
815 933 854 997 ad
884 935 978 1018 sigua
999 953 1072 998 eum
1097 933 1269 1018 pbenetiea
1292 946 1360 997 tum
1388 929 1581 1016 symbolica,
1619 929 1734 1017 quibus
1754 929 1906 1015 Aegyptii
1929 929 2103 995 secuudum
2123 942 2251 994 vetares

425 1063 573 1113 auctores
593 1048 751 1136 plurumas,
776 1052 946 1134 vadasque
966 1048 1100 1115 zodiaci
1118 1065 1228 1135 partes
1250 1047 1521 1136 significasset-int,
1543 1069 1606 1135 qua
1625 1051 1660 1112 iu
1682 1069 1718 1112 re
1740 1058 1889 1112 versatur
1907 1045 2082 1130 symbolice
2105 1059 2250 1108 astrono-

427 1168 520 1246 mica,
544 1169 613 1228 sine
635 1165 802 1229 Peutlreou
822 1164 1066 1252 Aegyptiacum.
1094 1166 1221 1232 Deinde
1241 1166 1412 1230 uidendum
1433 1163 1527 1228 uobis
1549 1167 1622 1246 erit,
1643 1185 1706 1250 qua
1727 1163 1883 1250 singulari
1901 1165 2028 1228 ratione
2044 1162 2198 1248 Aegyptii
2217 1163 2250 1223 ia

423 1279 627 1367 planetarum
649 1280 862 1367 positionibus
883 1297 916 1345 et
936 1281 1114 1348 rationibus
1135 1280 1355 1370 significandis
1373 1283 1493 1345 versati
1514 1281 1594 1362 siut,
1625 1283 1695 1346 siue
1714 1301 1776 1366 quo
1799 1279 1894 1344 modo
1913 1279 2155 1346 obseruationes
2175 1297 2250 1342 suas

424 1401 658 1462 astronomicas
688 1401 788 1462 variis
810 1401 844 1461 iu
871 1403 1087 1464 monumentis
1116 1403 1337 1485 expresserint
1360 1399 1605 1485 posteritatique
1632 1410 1707 1461 ante
1728 1395 1838 1462 oculos
1859 1397 2035 1479 posuerint.
2079 1395 2188 1460 Etiam
2210 1393 2250 1456 da

423 1513 484 1577 boc
513 1527 658 1594 vetares,
697 1518 842 1600 quamuis
864 1518 1061 1580 astronomis
1083 1537 1128 1583 ex
1158 1519 1318 1600 mysteriis
1347 1527 1432 1580 esset
1451 1513 1535 1598 ²⁸¹),
1569 1528 1635 1578 tam
1659 1513 1762 1579 multu
1789 1511 2006 1594 tradiderunt,
2036 1526 2072 1576 vt
2089 1525 2161 1578 tota
2180 1509 2249 1574 lere

334 1648 346 1668 ·
423 1628 658 1714 Aegyptiorum
685 1630 853 1696 methodus
875 1635 1089 1697 astronomica
1110 1635 1321 1718 perspiciatur
1349 1630 1492 1696 aliunde.
1535 1629 1685 1716 Denique
1714 1651 1771 1710 ea,
1809 1651 1892 1716 quae
1912 1632 2028 1716 partim
2048 1641 2175 1697 veteres
2194 1626 2250 1690 do·

422 1760 574 1825 cuorum,
602 1749 718 1830 partim
740 1749 964 1834 inscriptiones
987 1749 1220 1812 astronomicae
1240 1747 1468 1832 prodiderunt,
1492 1762 1639 1812 accurate
1666 1749 1750 1812 inter
1773 1767 1808 1812 se
1833 1725 2051 1832 comparanda
2069 1759 2102 1810 et
2122 1765 2249 1830 cumpo-
2282 1790 2289 1806 .

424 1863 527 1924 nenda
551 1877 655 1944 eruut,
678 1868 730 1928 cui
751 1863 810 1928 lini
823 1864 972 1929 Lexicon
996 1862 1515 1950 astronomica-hieroglyphicum
1533 1867 1701 1929 iuscruiat.
1732 1861 1840 1939 Quum
1861 1866 1945 1928 anim
1966 1861 2126 1929 elementa
2147 1875 2250 1927 astro·

422 1980 549 2042 nomiae
572 1994 669 2066 atque
690 1983 783 2069 sigua
806 1982 847 2046 ad
867 1981 1108 2046 obseruationes
1130 1983 1363 2046 astronomicas
1383 1980 1611 2066 exprimendas
1631 1978 1787 2062 adbibita,
1806 1984 1875 2046 siue
1895 2003 1915 2046 a
1933 1980 2107 2061 veteribus,
2130 1977 2250 2044 seilicet

422 2093 576 2176 Graecis,
608 2097 753 2179 Latinis,
778 2095 911 2183 Captis,
935 2097 1096 2164 Arabibus
1121 2097 1255 2184 aliisque
1278 2097 1434 2178 indicata,
1458 2099 1528 2162 sius
1550 2119 1570 2162 a
1591 2096 1857 2179 schismacum,
1885 2100 1972 2164 iuter
1993 2119 2029 2164 se
2049 2099 2250 2162 consentiant

422 2208 548 2297 sibique
577 2233 654 2277 vere
681 2229 830 2278 constare
859 2229 1047 2288 cementum
1083 2237 1244 2302 quumque
1266 2234 1322 2296 ca,
1355 2235 1438 2300 quae
1466 2213 1505 2277 ad
1535 2227 1680 2278 veterum
1703 2217 1927 2280 auctoritatem
1949 2216 2194 2300 exposuerimus
2216 2226 2250 2277 et

421 2329 649 2412 inuenerimus,
670 2333 755 2395 iuter
772 2353 808 2394 se
831 2311 1007 2418 congruere
1029 2343 1061 2394 at
1082 2331 1122 2394 ad
1145 2329 1244 2394 fiuem
1264 2328 1465 2414 probabilem
1485 2329 1602 2396 ducere
1624 2331 1811 2398 uideantur:
1834 2331 2083 2397 concludendum
2103 2337 2174 2410 erit,
2197 2351 2248 2412 ea,

421 2464 483 2528 qua
515 2450 749 2529 processimus,
780 2449 834 2511 ria
862 2449 960 2513 ctiam
985 2445 1109 2532 reliqua
1127 2445 1363 2532 Aegyptiorum
1385 2461 1593 2514 monumenta
1618 2447 1898 2518 obseruationibus
1925 2450 2148 2516 astronomicis
2176 2467 2250 2514 cou-

421 2567 540 2628 stantia
563 2580 651 2630 recte
672 2566 797 2650 riteque
822 2563 979 2653 explicari
1002 2585 1109 2650 posse.

1629 2691 1652 2736 ι

1302 3011 1391 3089 .4.

1039 2999 1636 3249 DcPlanetis.

507 3345 559 3412 De
582 3345 730 3432 planetis,
753 3373 834 3438 quos
853 3350 984 3418 dicimus
1007 3378 1078 3438 ιιοι,
1101 3357 1254 3444 Aegyptii
1275 3380 1340 3424 uon
1360 3360 1422 3422 uisi
1444 3373 1501 3422 eos
1522 3369 1693 3439 nonerunt,
1710 3359 1765 3444 qui
1790 3357 1867 3423 solis
1888 3358 1989 3424 oculis
2011 3361 2250 3446 conspiciuntur

422 3476 455 3526 et
476 3463 707 3546 discernuntur,
729 3469 878 3533 nimirum
898 3475 921 3554 ἕ
949 3475 1029 3552 ῼῶ
1046 3483 1080 3555 1).
1100 3476 1142 3558 i),
1165 3499 1229 3562 qnu
1244 3477 1284 3540 dc
1302 3497 1399 3540 causa
1411 3477 1515 3562 ignoti
1536 3476 1577 3539 iis
1600 3473 1955 3560 manserunt·planetue
1974 3476 2114 3558 Vrauus,
2131 3473 2249 3556 Pallas,

423 3579 539 3662 Ceres,
561 3583 658 3664 Juno,
682 3581 786 3648 Vesta
804 3585 868 3669 ²⁹).
912 3588 1085 3654 Praeterea
1102 3590 1250 3678 planetas
1273 3592 1426 3679 Aegyptii
1449 3592 1603 3656 dixerunt
1625 3591 1721 3654 etiam
1744 3599 1780 3668 Θ
1803 3605 1836 3654 et
1860 3597 1907 3672 2,
1934 3591 2052 3677 quippe
2073 3593 2127 3676 qui
2148 3594 2250 3656 instar

421 3695 616 3785 reliquorum
640 3724 698 3787 per
718 3705 811 3790 signa
827 3702 960 3769 zodiaci
982 3709 1116 3790 moueri,
1138 3707 1241 3773 veluti
1261 3708 1469 3774 obambulare
1491 3709 1650 3772 videntur.
1694 3705 1802 3783 Quum
1819 3710 1858 3790 Θ
1878 3721 1910 3772 et
1930 3713 1953 3785 b
1975 3707 2194 3795 magnitudine
2216 3723 2250 3772 et

422 3814 592 3898 splendore
615 3821 781 3884 vincerent
801 3819 943 3908 reliquos
964 3822 1121 3909 planetas,
1143 3826 1297 3913 Aegyptii
1319 3825 1399 3892 haec
1419 3826 1524 3891 sidera
1546 3837 1700 3889 vocarunt
1718 3825 1894 3910 principes,
1918 3823 2019 3889 veluti
2039 3845 2148 3911 regem
2164 3827 2250 3910 regi·

423 3935 797 4023 ususque‚'plauetarum
827 3938 1083 4027 reliquarumque
1106 3942 1273 4009 stellarum
1294 3941 1437 4010 lixarum
1458 3945 1524 4032 ⁸⁰).
1567 3941 1738 4023 Pisuetae,
1764 3943 1890 4027 quoties
1912 3941 1953 4007 ab
1974 3943 2142 4032 Aegyptiis
2164 3963 2248 4005 com·

426 4068 655 4138 memorantur,
679 4054 740 4120 boc
762 4057 874 4121 ordine
895 4059 1044 4122 veniunt:
1826 4061 1831 4066 ’

1009 4211 1663 4277 suessos

1003 4329 1665 4416 setosus

423 4483 477 4548 Ex
500 4507 563 4570 quo
579 4501 724 4574 apparet,
746 4509 802 4554 eos
817 4488 992 4555 secuudum
1013 4489 1222 4574 celeritatem,
1243 4514 1307 4579 qua
1327 4497 1361 4559 in
1375 4493 1468 4588 coelo
1485 4496 1606 4558 moueri
1628 4507 1812 4573 cernuntur,
1834 4492 1983 4578 deinceps
1997 4500 2252 4582 enumerari³¹).

426 4603 547 4668 Eadem
571 4619 619 4668 est
641 4608 741 4670 series
765 4605 978 4692 planetarum,
1000 4630 1117 4695 quum,
1139 4623 1303 4696 tamquam
1324 4612 1368 4676 dii
1390 4611 1564 4694 tutelares,
1589 4609 1735 4698 partibus
1750 4608 1902 4689 Zodiuci,
1924 4609 2112 4695 regionibus
2131 4621 2253 4702 muudi,

537 4771 551 4776 -·
573 4769 636 4778 -0--
646 4773 651 4778 .
661 4771 753 4780 ...μμ-ι.
767 4773 837 4780 ..---..

493 4861 555 4926 28⁴)
575 4861 709 4916 Martias.
727 4861 823 4931 Capul.
841 4859 902 4916 Sat.
920 4861 953 4916 1..
963 4862 1040 4918 vltt.
1058 4881 1084 4935 p.
1093 4866 1155 4920 111.
1172 4865 1230 4920 Jui.
1250 4865 1392 4920 Firminus
1409 4865 1533 4920 Mutare.
1551 4863 1644 4920 mlv.
1663 4877 1688 4918 e.
1699 4861 1741 4918 tt.
1758 4863 1852 4932 mlii.

497 4964 543 5026 111)
564 4963 683 5018 Procius
702 4962 865 5018 Diadocbus
878 4963 1047 5036 Parapbrss.
1064 4969 1096 5020 in
1115 4967 1188 5023 Ptol.
1203 4967 1259 5042 Li.
1277 4981 1303 5023 c.
1311 4966 1360 5022 Ν.
1374 4967 1433 5023 lul.
1450 4966 1537 5020 Firm.
1555 4965 1626 5022 blut.
1644 4967 1709 5022 L.l.
1727 4966 1783 5020 cs.
1800 4981 1827 5034 p.
1835 4964 1861 5018 b.
1881 4963 1980 5018 Acilii.
1995 4964 2096 5016 Tatius
2109 4965 2137 5016 in
2153 4963 2255 5024 Petsu.

428 5041 543 5100 vianet.
566 5065 591 5116 p.
605 5049 662 5102 136.
681 5051 774 5116 c.l'l.,
793 5051 890 5104 celeri.

496 5147 542 5210 30)
562 5149 667 5203 Sestos
685 5151 793 5220 Emplr.
812 5151 877 5206 edu.
896 5150 987 5206 illatb.
1005 5153 1038 5206 L.
1049 5152 1099 5207 Vl.
1120 5151 1216 5220 [1313.
1234 5152 1279 5206 ed.
1298 5152 1382 5206 Febr.

497 5251 543 5316 31)
565 5251 618 5305 Dio
636 5255 714 5306 Cass.
735 5251 768 5308 L.
777 5255 920 5310 llxxvii.
939 5272 962 5308 e.
975 5255 1015 5308 11.
1031 5253 1124 5307 Preti.
1142 5253 1227 5308 Diad.
1243 5253 1278 5308 L.
1286 5253 1321 5307 11.
1338 5269 1363 5308 a.
1385 5253 1427 5306 111.
