4928 6102
1185 496 1549 560 ...νιπ-

459 707 573 790 qnam
598 665 708 756 icelle
733 677 785 750 sit
810 695 955 762 errare,
981 678 1167 745 sexcenta
1195 669 1376 768 exempla
1399 669 1673 745 domustrant
1722 672 1809 772 lpse
1829 673 2186 770 Winelrelmennus,
2211 682 2299 758 lieet

458 815 724 901 immortaliter
748 811 928 898 metitus,
955 802 1101 906 passim
1136 824 1177 875 se
1207 800 1290 878 lulli
1322 827 1458 904 passus
1489 815 1559 878 est.
1608 802 1735 896 Quum
1766 812 1941 888 maxim
1964 825 2299 892 monumentorum

461 981 549 1061 pars
574 952 767 1028 contineat
791 941 1078 1018 obseruationes
1106 940 1380 1036 nsuoucmicss
1410 951 1513 1014 certo
1536 939 1620 1014 loeo
1652 941 1865 1036 institutum
1903 947 1996 1033 inde
2021 949 2193 1024 omnium
2218 952 2299 1024 sm

460 1095 791 1171 monumentorum
811 1087 918 1153 netas
939 1074 1221 1150 munemne
1242 1071 1453 1165 delinietur,
1476 1075 1533 1150 ita
1554 1085 1598 1152 vt
1616 1095 1666 1149 ne
1688 1097 1767 1154 vno
1786 1078 1945 1176 qtridem
1963 1084 2012 1157 do
2035 1085 2299 1182 annopatrio-

462 1249 535 1326 qne
560 1221 744 1298 ertidmm
758 1213 933 1288 dubitare
948 1209 1083 1306 possit.
1132 1204 1245 1282 Certo
1264 1207 1493 1284 Grseeautm
1511 1208 1879 1291 summentium
1901 1217 2060 1292 historia
2074 1239 2120 1290 ec
2145 1219 2299 1315 quidem

462 1357 631 1434 „ondins
649 1351 837 1450 pemenit,
863 1367 933 1420 nec
950 1363 1116 1441 vnquam
1129 1344 1358 1440 peruenerit
1408 1343 1474 1416 Ex
1497 1347 1753 1420 monumentis
1774 1353 1915 1428 nostris
1938 1353 2018 1426 iam
2031 1363 2151 1454 patet,
2173 1365 2299 1428 astate

463 1495 581 1570 blosis
612 1497 715 1563 ortes
744 1485 947 1578 literosque
976 1476 1238 1574 Aegyptiacus
1262 1497 1378 1575 qoam
1402 1480 1576 1553 maxime
1607 1480 1799 1574 floruisse,
1839 1485 2002 1560 subinde
2025 1488 2158 1580 (1008)
2177 1489 2300 1582 magis

462 1629 656 1723 magisque
682 1617 904 1692 defloruisse
927 1609 1084 1706 singulis
1102 1613 1276 1686 sacculia
1327 1611 1560 1688 Menolitbus
1579 1611 1733 1690 Amosis
1757 1615 1951 1694 Parisinus
1972 1633 2085 1719 atque
2105 1619 2299 1698 obeliscus

462 1763 672 1837 Lateranus
699 1751 796 1828 adeo
821 1747 1013 1822 excellunt
1036 1743 1309 1844 pulcritudine,
1344 1759 1388 1824 vt
1410 1769 1496 1824 com
1524 1748 1668 1826 Graece
1690 1751 1880 1846 elegantis
1904 1758 2114 1850 computari
2138 1753 2299 1856 posfllnt.

463 1891 725 1990 sarcophagus
748 1884 856 1960 Setini
870 1879 1138 1972 londinensis,
1158 1902 1270 1980 mem
1294 1880 1410 1957 modo
1436 1883 1486 1958 ad
1508 1881 1789 1976 Alexandnnn,
1810 1883 1927 1960 modo
1949 1886 2003 1961 ed
2029 1907 2171 1964 aunum
2203 1896 2302 1967 1000

461 2027 690 2112 retulerunt,
716 2019 856 2115 stylum
882 2017 1026 2094 soeculi
1051 2015 1152 2090 XVll
1175 2039 1209 2092 a
1236 2013 1306 2094 Cb.
1329 2037 1422 2116 prae
1447 2041 1489 2093 se
1514 2019 1600 2092 fert.
1650 2017 1926 2096 decentissima
1944 2033 2057 2111 sunt,
2085 2035 2129 2100 vt
2155 2023 2301 2101 'l'abuln

462 2165 582 2238 isiaca
605 2162 674 2251 (et
695 2179 732 2256 p
756 2152 838 2246 Cb.)
864 2165 977 2252 atque
1003 2153 1173 2227 tamosm
1196 2149 1383 2226 zeutam
1408 2149 1664 2247 Tentyriticm
1689 2157 1753 2242 (31
1778 2177 1817 2251 p.
1840 2153 1948 2248 011),
1978 2177 2077 2254 quoe
2102 2177 2172 2256 pro
2203 2159 2302 2234 euti-

461 2293 654 2396 quissimis
673 2291 812 2365 artium
834 2290 1091 2362 monumentis
1117 2298 1231 2384 etque
1251 2285 1548 2362 entediluuiauis
1572 2286 1796 2362 babuerunt.

555 2427 839 2502 ⁴(incidissimum
871 2433 947 2514 est,
983 2421 1088 2520 qood
1117 2421 1255 2498 eadem
1287 2423 1542 2496 astronomiae
1572 2423 1860 2519 antiquissimae
1886 2424 1969 2522 ope'
1991 2427 2145 2501 initium
2176 2417 2300 2504 omnts

462 2565 646 2637 historiae
672 2559 943 2634 mathematico
969 2555 1085 2629 modo
1112 2556 1301 2646 delinitur,
1329 2558 1467 2656 quippe
1490 2556 1703 2632 Dilunium
1755 2553 1957 2645 Quaeritur
1984 2561 2137 2659 quondo
2163 2576 2301 2661 etque

461 2696 576 2772 niodo
601 2705 707 2767 ortus
733 2693 786 2763 sit
814 2688 1003 2764 Zodiacus
1028 2701 1169 2766 nester
1218 2691 1322 2765 Sne
1351 2693 1451 2765 mire
1478 2703 1520 2764 et
1548 2689 1725 2766 inaudita
1757 2690 1808 2764 de
1835 2691 1912 2768 boc
1944 2693 2088 2770 tradita
2115 2697 2301 2792 legentur.

461 2831 535 2904 Res
556 2830 610 2900 sic
629 2823 801 2898 sehabet
817 2821 1027 2896 secundnm
1041 2827 1245 2922 scriptores
1261 2827 1557 2924 antiquissimos.
1609 2826 1675 2900 Ex
1690 2825 1930 2926 philosophia
1946 2831 2145 2928 fimana
2168 2853 2302 2917 omnes

461 2983 522 3036 res
545 2964 587 3034 in
613 2976 747 3031 sensus
769 2955 954 3029 humanos
971 2956 1149 3030 cadentes
1170 2961 1271 3032 inte
1290 2969 1440 3058 septem
1460 2960 1635 3058 plunetos
1652 2959 1938 3052 diuidebnntur,
1957 2961 2104 3040 diuisae
2126 2979 2301 3062 cutepre

462 3097 639 3195 planetae
665 3090 830 3165 tributae
856 3087 1170 3188 exprimebantur
1193 3091 1422 3186 imaginibus
1448 3093 1575 3168 eidem
1600 3096 1779 3194 planetum
1799 3099 1930 3172 oacrio
1981 3097 2081 3174 Hinc
2094 3100 2213 3194 Signa
2233 3099 2304 3173 Zo-

463 3232 560 3304 diaci
587 3247 734 3325 quoqne
759 3225 924 3322 planetis
954 3221 1236 3320 adscripserunt
1261 3235 1376 3320 atque
1401 3226 1559 3316 singulis
1583 3227 1710 3320 Signis
1739 3251 1787 3303 eo
1810 3233 1993 3307 emmelis
2019 3235 2302 3331 inscripserunt,

462 3386 558 3462 quae
582 3361 749 3459 planetis
778 3357 1008 3452 singulorum
1033 3356 1234 3451 signorum
1259 3357 1489 3455 praepositis
1515 3359 1774 3436 conuenirent.
1822 3362 1911 3439 Jsm
1934 3379 2083 3442 constat
2108 3387 2162 3440 ex
2183 3380 2302 3442 esuu-
2387 3407 2389 3410 ·

460 3499 590 3572 nomio
609 3506 722 3591 etque
743 3489 1052 3590 inscriptionibus
1073 3488 1351 3590 Aegyptiorum
1373 3492 1636 3566 ammonitis
1662 3492 1948 3592 antiquissimis,
1963 3493 2130 3592 prim
2143 3499 2302 3591 Signum

459 3644 547 3732 post
568 3628 771 3704 solstitium
796 3627 996 3700 hibernum
1021 3623 1252 3724 adscriptum
1278 3625 1456 3716 diisset„
1479 3620 1689 3700 secumdum
1715 3642 1762 3720 24,
1788 3629 1944 3704 tertinm
1973 3639 2004 3715 ἃ
2032 3637 2072 3702 et
2090 3629 2144 3702 tic
2169 3651 2302 3726 purro;

402 3734 409 3858 l
461 3771 555 3839 item
579 3765 704 3862 pisces
727 3763 955 3860 pertinuisse
983 3758 1034 3834 ad
1057 3771 1098 3850 1,,
1117 3761 1277 3834 arietem
1300 3758 1351 3832 ed
1375 3773 1421 3854 4,
1439 3762 1539 3834 tauri
1563 3763 1757 3837 anteriora
1777 3759 1828 3836 ed
1844 3772 1876 3848 ἃ
1892 3773 1935 3836 et
1957 3764 2013 3838 sie
2031 3783 2154 3862 porto.
2195 3761 2304 3841 Haeo

458 3902 586 3996 itaque
612 3910 791 4006 est-veto
805 3897 914 3983 rotie,
934 3917 1010 3992 qua
1031 3905 1134 3967 ortus
1161 3895 1212 3968 sit
1227 3892 1425 3968 Zodiecus.
1476 3893 1692 3986 Quaeritur,
1717 3895 1881 3994 quando.
1934 3896 2058 3987 Quum
2075 3900 2301 3996 respicimus

460 4035 508 4109 ed
522 4033 737 4120 Zodiecum,
757 4030 878 4128 qualis
902 4053 1004 4103 nume
1031 4041 1107 4120 est3
1128 4039 1248 4128 petet,
1274 4027 1403 4102 stelles
1427 4031 1551 4127 pisces
1569 4040 1652 4124 (χ),
1671 4031 1830 4106 nietom
1855 4033 1936 4130 (γ’),
1958 4045 2111 4106 taurulus
2133 4039 2205 4121 (ts)
2230 4055 2301 4106 ex-

462 4170 686 4267 primentes,
728 4175 883 4262 propter
907 4185 1098 4238 recessum
1122 4175 1348 4261 punctorum
1378 4166 1710 4262 aequinoctialium
1741 4168 1823 4240 siue
1848 4189 2069 4263 processum
2104 4168 2301 4243 stellarum

458 4323 559 4376 nnnc
585 4301 652 4373 71ο
680 4299 833 4374 dissitos
862 4322 1048 4400 apparere
1078 4299 1253 4394 genuinis
1283 4299 1361 4374 suis
1392 4321 1417 4373 o
1446 4298 1549 4383 locis
1599 4301 1698 4396 Ergo
1727 4299 1914 4376 Zodiucus
1940 4313 2073 4375 noster
2096 4313 2202 4376 ortas
2228 4311 2300 4392 est,

458 4459 532 4535 qno
562 4447 733 4534 tempore
777 4435 962 4510 animalia
989 4432 1201 4508 uodintelio
1227 4453 1432 4532 eorumque
1470 4435 1602 4510 stellae
1631 4438 1679 4510 iis
1714 4435 1840 4531 Signis
1869 4436 2169 4526 continerentur,
2202 4455 2300 4532 quse

458 4570 622 4644 eundem
655 4578 768 4665 atque
800 4569 982 4642 enimelia
1015 4567 1201 4648 heberent
1228 4579 1439 4666 patronum
1498 4568 1569 4644 Sin
1599 4573 1706 4668 prius
1733 4583 1972 4646 momeuurm
2006 4583 2193 4646 statum
2232 4582 2303 4644 ant

457 4704 666 4802 posterius,
704 4701 808 4772 omni
832 4712 1012 4776 ·veternm
1049 4704 1191 4777 radoni
1221 4705 1517 4801 scriptorumque
1561 4706 1789 4780 testimoniis
1823 4705 2111 4780 enneadiceres.
2168 4702 2303 4801 ltaque

457 4837 640 4912 bodecus
662 4845 792 4908 noster
807 4847 911 4909 ortus
933 4851 1003 4926 est,
1022 4857 1137 4936 quom
1155 4836 1294 4927 Pisces,
1309 4838 1433 4928 Aries,
1455 4837 1615 4930 Taurus,
1630 4842 1771 4938 quippe
1791 4839 1975 4914 adunallo
2002 4848 2029 4927 t
2051 4851 2084 4932 tt
2109 4848 2153 4927 ἃ,
2172 4849 2301 4913 essent

452 4977 495 5048 in
518 4972 643 5066 Signis
657 4970 794 5067 primo,
813 4971 992 5062 secundo,
1017 4974 1130 5046 tertio
1155 4995 1180 5046 a
1197 4973 1360 5048 subtitio
1374 4971 1548 5063 hiberno,
1574 4975 1715 5074 quippe
1737 4987 1762 5062 1)
1783 4988 1814 5066 tt
1840 4983 1869 5059 ἃ
1887 4975 2017 5068 Sigeis
2035 4985 2080 5048 et
2098 4973 2156 5050 sic
2175 4991 2298 5072 porro.

454 5103 584 5194 Quod,
614 5125 688 5201 quc
719 5116 888 5204 ternpore
918 5105 1115 5195 occiderit,
1150 5106 1329 5182 lscdtme
1362 5119 1611 5208 computabor.
1661 5107 1810 5182 sonus
1843 5111 1969 5198 mim,
2008 5121 2149 5208 puncta
2169 5105 2301 5202 oequi-

453 5239 632 5316 noctielia
654 5241 763 5314 annis
794 5246 868 5315 100
893 5239 1070 5316 recedere
1095 5239 1213 5314 1⁰2o⁴
1229 5247 1313 5316 40⁴¹.
1364 5241 1464 5337 Ergo
1491 5239 1673 5320 bedleem
1696 5251 1826 5330 notter
1850 5245 2081 5320 mmtimtm
2107 5252 2166 5318 est
2198 5258 2299 5314 nuno

607 5507 660 5584 N
