4904 6100
859 475 1265 610 '--am-

170 725 254 810 Ergo
276 718 452 784 accuratius
475 715 697 782 describuntur
719 715 791 782 loca
810 713 846 786 Θ
867 716 940 782 Lia.
963 716 1014 798 D,
1044 719 1069 786 2
1096 716 1169 782 Lin.
1190 719 1219 782 E
1241 733 1274 784 et
1295 719 1348 799 H,
1379 721 1399 788 Ω
1426 721 1500 784 Lin.
1523 717 1569 802 G,
1591 719 1626 788 ὦ
1651 719 1725 786 Lin.
1747 718 1793 802 B,
1817 727 1843 782 ⁴4
1867 719 1995 806 Limc,

176 839 291 908 iabin.
310 835 348 902 F.
394 831 466 896 lam
488 829 654 896 videamus
673 832 713 896 dn
736 831 882 920 singulis.
927 831 964 898 ln
986 835 1171 900 uniuersam
1192 834 1253 900 hoc
1273 835 1394 902 clarum
1418 850 1483 918 eet,
1510 855 1764 923 unamquamque
1788 857 1911 920 aream,
1934 859 1997 926 qna

170 957 248 1020 basis
266 952 376 1038 aliqua
400 971 473 1015 curn
495 945 643 1033 planetae
666 947 839 1014 simulacro
861 953 1040 1036 reperitur,
1071 953 1231 1037 integrum
1258 955 1386 1038 siguum
1413 950 1593 1018 describere
1618 967 1714 1040 atque
1737 953 1881 1040 singulae
1902 959 1997 1024 vniua

169 1093 255 1136 areae
274 1086 430 1156 personae
451 1063 594 1130 eiuredem
616 1065 700 1151 eigai
724 1079 831 1149 partes
857 1065 911 1134 val
934 1067 1080 1134 dontinus
1098 1071 1238 1152 partium
1260 1071 1454 1154 exprimere.
1497 1067 1655 1135 Nolumus
1678 1073 1761 1136 enim
1783 1086 1941 1156 repetere,
1963 1075 1996 1139 id

169 1189 263 1274 egisse
284 1185 505 1269 inscriptionis
527 1195 656 1249 noemae
677 1193 859 1265 auctorem,
895 1183 1011 1270 quippe
1032 1182 1247 1272 aeuologum,
1276 1199 1313 1251 vt
1334 1197 1408 1250 ante
1440 1185 1549 1251 oculos
1571 1201 1703 1271 properet
1722 1187 1853 1254 Zodiaci
1876 1203 1995 1275 perrea,

169 1319 318 1390 umquem
339 1321 498 1388 personae
521 1297 809 1385 apotelesmaticae,
829 1297 870 1366 ab
891 1301 970 1386 ipsis
989 1299 1124 1388 planetis
1145 1304 1322 1383 iudicatae,
1344 1300 1460 1388 quibus
1479 1303 1588 1368 iectura
1608 1303 1746 1370 hominis
1767 1303 1823 1370 illo
1845 1319 1990 1390 tempora

169 1423 229 1489 nati
249 1441 317 1484 sore
339 1417 588 1505 praefiniretur,
617 1437 741 1502 quaeue
771 1432 1020 1502 cooperarentur
1049 1421 1089 1483 ad
1111 1421 1180 1485 lata
1200 1422 1313 1506 ipsine.
1356 1416 1465 1494 Quum
1494 1441 1569 1484 vero
1587 1423 1682 1508 signa
1701 1419 1833 1486 zodiaci
1851 1425 1994 1488 maxime

169 1539 317 1602 ramesia
346 1549 473 1620 partes,
496 1547 529 1600 vt
550 1535 689 1600 vidimus
714 1529 890 1617 (16.1),
918 1535 1122 1616 diuiduntur,
1152 1558 1217 1602 non
1239 1539 1373 1617 miram,
1405 1535 1541 1624 siugulis
1561 1539 1596 1600 iu
1617 1539 1702 1603 areis
1722 1541 1866 1603 maxime
1888 1542 1995 1606 varios

170 1657 299 1738 partium
320 1652 491 1732 dominos,
521 1649 780 1736 Oeoodeapotae,
811 1647 1127 1738 Trigonodeepotae,
1158 1651 1517 1739 Tetrogoaodeepotae,
1543 1653 1710 1730 Decanoa,
1740 1653 1996 1735 Horiocratores,

168 1770 309 1837 dominos
328 1767 685 1848 Dodecatemoriornm,
710 1762 893 1849 Gradunm,
914 1767 1097 1840 Stationum
1118 1770 1233 1836 Lunae
1254 1769 1396 1856 aliaeque
1416 1770 1551 1836 indicari
1576 1783 1610 1834 et
1628 1771 1786 1856 componi.

568 1934 1425 2068 -.umcffimmmm

254 2125 427 2194 Secundm
450 2124 558 2212 legem
575 2123 674 2188 XIV.
695 2145 793 2210 supra
811 2123 905 2189 nobie
922 2129 1119 2212 propositam
1135 2124 1272 2214 singulis
1293 2131 1326 2192 in
1346 2125 1493 2192 versibus
1515 2148 1553 2192 ee
1566 2145 1705 2211 perenna
1724 2124 1886 2211 significat
1901 2125 1993 2213 sigui

173 2241 355 2326 Dominum,
381 2264 463 2330 quae
484 2244 588 2328 prima
608 2237 650 2305 ab
676 2241 770 2305 initio
796 2256 931 2327 apparet
953 2245 1099 2308 maxime
1120 2245 1270 2310 distincta
1292 2258 1325 2309 et
1345 2258 1474 2330 sceptro
1497 2246 1661 2330 insignita.
1704 2245 1793 2330 Ergo
1814 2243 1866 2307 hic
1890 2241 1994 2308 Osco·

172 2361 297 2446 deepcta
317 2375 367 2428 est
382 2357 494 2424 Horue
514 2355 809 2443 Hieracocephalue
833 2359 899 2444 (32.
909 2363 965 2442 9.);
988 2382 1060 2426 cnm
1075 2357 1356 2448 Trigonodeepota
1378 2361 1594 2449 cynocephalo
1622 2364 1644 2442 b
1676 2362 1723 2446 (p.
1741 2359 1841 2443 194),
1864 2361 1993 2447 qnippe,

171 2493 204 2540 ιι
228 2496 317 2563 snpra
346 2475 520 2562 (mmm),
543 2477 577 2540 in
606 2495 703 2560 prora
726 2477 819 2544 naula
848 2478 983 2560 positus.
1027 2475 1115 2563 Ergo
1143 2479 1349 2564 cogitandum
1378 2490 1433 2542 aut
1454 2477 1494 2541 de
1516 2489 1571 2559 ἑ,
1595 2479 1792 2552 amdan.
1835 2475 1993 2562 Reliquae

169 2597 249 2660 anim
270 2593 352 2660 llori
375 2599 421 2680 (p.
437 2593 526 2674 107.)
548 2591 662 2656 domus
683 2589 765 2656 alios
786 2590 906 2656 babent
926 2588 1235 2680 Trigonodeepetae.
1279 2592 1559 2680 Trigonodeepota
1579 2616 1658 2659 vero
1675 2607 1707 2659 et
1722 2605 1764 2661 ὲ
1783 2606 1816 2658 et
1833 2600 1876 2666 Π
1895 2605 1944 2656 eet
1958 2598 1991 2672 y.

168 2712 306 2776 Eundem
331 2709 588 2795 Oecodeepotnm
609 2707 920 2798 Hieracocephalum
943 2707 1043 2776 habea
1066 2731 1111 2775 ex
1131 2711 1243 2775 eadem
1263 2711 1337 2796 lege
1358 2709 1432 2775 Lin.
1448 2707 1488 2773 C.
1503 2715 1555 2774 26.
1599 2709 1668 2776 lam
1690 2709 1864 2773 secundum
1884 2706 1992 2792 legem

166 2825 241 2891 XV.
263 2825 564 2914 Trigonodeepotae
595 2837 628 2888 et
653 2823 995 2911 Tetrogouodeapotae
1019 2827 1216 2913 praecedunt
1240 2826 1499 2910 Oecodeepotern
1524 2824 1564 2889 ab
1597 2826 1689 2888 initio
1717 2844 1832 2888 versus
1854 2835 1888 2886 et
1914 2833 1991 2886 ante

163 2943 320 3026 planetam
344 2943 452 3029 positi.
494 2938 569 3016 Quo
599 2937 672 3006 loco
696 2941 748 3007 hic
779 2941 936 3030 (leimc.)
966 2954 1122 3030 apparent
1143 2943 1325 3028 symbolum
1346 2947 1399 3020 Θ,
1431 2943 1536 3006 disens
1564 2944 1610 3030 (p.
1624 2941 1730 3024 192),
1758 2941 1888 3025 saepiae
1915 2936 1991 3002 reli·

160 3062 231 3146 quie
253 3062 446 3146 repetitum,
472 3057 612 3124 Pechent
633 3057 714 3142 (13.)
738 3059 774 3130 Θ
795 3075 827 3126 et
856 3068 891 3141 2(
914 3061 960 3147 (p.
979 3067 1082 3142 l92.),
1113 3060 1264 3128 sacerdos
1286 3068 1314 3144 1(
1336 3061 1439 3144 (197.)
1460 3074 1497 3124 ιι
1520 3081 1618 3146 supra
1636 3057 1693 3142 (Α.
1706 3059 1771 3140 6.),
1798 3055 1990 3122 Hieracoce·

158 3170 281 3260 phalue
300 3177 468 3259 (11.13.),
497 3173 700 3262 lbicepbalna
723 3177 805 3263 (15.)
827 3180 898 3242 eiua
929 3180 951 3258 b
984 3180 1030 3266 (p.
1043 3176 1130 3264 194.)
1158 3192 1254 3265 etque
1281 3179 1343 3244 leia
1371 3174 1491 3244 Neitha
1512 3182 1559 3256 (2.
1573 3181 1606 3240 4.
1623 3181 1655 3240 6.
1672 3173 1758 3259 ael.).
1801 3151 1896 3248 Οιιιιό
1921 3173 1990 3258 qui·
2032 3209 2041 3226 =
2173 3253 2176 3260 y

162 3291 240 3354 dem
267 3293 396 3355 umuina
425 3293 533 3377 vtique
560 3306 631 3357 eunt
658 3292 957 3382 Trigonodaepotae
985 3309 1020 3361 et
1039 3295 1380 3382 Tetrogonodeepotae
1398 3308 1446 3366 st.
1491 3289 1598 3368 Quum
1620 3294 1653 3357 in
1678 3301 1720 3367 Π
1741 3289 1831 3356 nulla
1851 3292 1894 3354 eit
1917 3286 2007 3356 talia.

161 3405 201 3477 Θ
226 3389 389 3492 prouincia
395 3429 408 3482 ,·
427 3407 607 3494 seqnitnrtp
626 3413 691 3494 (17.
710 3411 776 3496 19.)
796 3414 919 3476 versari
943 3415 976 3476 ie
990 3423 1045 3481 stt..
1088 3413 1132 3476 Et
1149 3412 1211 3477 hoc
1230 3433 1308 3476 eane
1324 3432 1421 3496 supra
1443 3411 1508 3474 iam
1529 3409 1668 3476 vidimus
1680 3410 1853 3475 indicatam
1868 3407 1924 3496 (Α.
1933 3406 1990 3490 6.).

160 3525 255 3590 Hinc
273 3535 404 3610 utraque
424 3526 514 3588 nauis
534 3526 590 3610 (Α.
606 3532 638 3592 6.
660 3525 698 3594 C.
718 3531 785 3613 32.)
809 3529 937 3595 eoadem
959 3527 1125 3594 stellarum
1145 3528 1293 3594 dominos
1314 3528 1408 3616 gerit.
1453 3525 1523 3592 lam
1539 3549 1637 3612 quum
1661 3533 1695 3606 11
1713 3529 1746 3592 in
1763 3540 1817 3608 ὲ,
1844 3523 1878 3594 Θ
1899 3525 1932 3585 in
1947 3535 1985 3592 Υ

160 3653 353 3723 versantur,
381 3655 416 3706 vt
437 3641 590 3719 ridimee3
622 3665 715 3713 nemo
737 3647 855 3728 nescit,
885 3653 913 3727 2(
937 3665 1008 3710 ease
1029 3646 1264 3732 retrogradum.
1308 3642 1402 3721 Quod
1424 3665 1540 3731 reapse
1563 3641 1677 3728 liguris
1701 3641 1775 3705 Lin.
1791 3639 1828 3704 C.
1851 3631 1904 3702 36.
1929 3655 1990 3698 ex·

157 3760 319 3845 primitur.
359 3756 470 3824 Habes
490 3763 576 3824 enim
596 3763 701 3846 primo
724 3766 792 3848 (36.
807 3761 851 3846 c.)
872 3767 901 3848 2)
922 3760 1139 3844 eirnulacrnm,
1155 3773 1192 3828 vt
1212 3784 1310 3850 supra
1331 3762 1384 3843 (Α.
1398 3766 1431 3826 6.
1447 3760 1505 3844 (1.),
1525 3757 1734 3840 sacerdotem,
1756 3758 1839 3819 inter
1860 3749 1989 3816 eaedem

153 3875 275 3942 atellae
291 3877 438 3963 positum
463 3889 560 3963 mque
583 3875 622 3944 C.
638 3883 713 3961 34.,
737 3896 810 3946 eum
832 3879 944 3944 eodem
976 3880 1000 3957 ὅ
1028 3877 1234 3964 Harpocrate
1256 3877 1313 3965 (h.
1328 3883 1358 3941 2.
1375 3880 1419 3959 a.)
1439 3872 1730 3960 Trigonodeepota.
1774 3867 1989 3947 Quemadmo-

152 3993 231 4058 dum
261 4015 339 4060 raro
360 3991 463 4058 altera
487 4005 530 4061 ἐ
550 3997 644 4060 nauis
665 3995 732 4078 (32)
753 3994 967 4079 protrahitur,
998 3997 1044 4058 ita
1066 3993 1146 4060 haec
1168 3999 1236 4080 (36)
1264 3991 1444 4058 stationalis
1464 3989 1599 4076 lingitur
1621 3991 1668 4074 (ι.
1681 4011 1714 4076 p.
1731 3993 1809 4074 62.)
1851 3986 1990 4070 Vertagi

153 4114 240 4175 enim
266 4107 433 4176 columneo
461 4109 576 4176 firmae
605 4111 729 4199 alligati
757 4127 851 4193 sant,
884 4124 981 4197 atque
1010 4109 1217 4196 cynocephali
1245 4109 1479 4175 retrocedentes
1507 4107 1578 4194 (33)
1608 4108 1739 4172 ridendo
1767 4119 1800 4170 et
1826 4089 1988 4170 illudendo

153 4225 263 4312 digitis
285 4247 480 4314 concrepare
500 4229 662 4294 videntur.
705 4230 806 4296 Porro
829 4235 873 4308 2ls
893 4250 990 4315 quam
1014 4241 1162 4294 vereatur
1183 4230 1217 4292 in
1239 4239 1294 4310 cst,
1317 4224 1352 4296 Θ
1377 4249 1467 4309 raro,
1489 4228 1536 4290 vti
1556 4225 1704 4305 vidimus,
1730 4243 1802 4286 cum
1831 4230 1854 4302 9
1882 4223 1916 4284 in
1937 4229 1987 4292 Υ;

158 4342 198 4404 ab
218 4343 272 4408 hie
287 4346 461 4432 adspicitur
479 4352 527 4424 Π.
570 4345 718 4412 Pmlecto
741 4360 774 4412 et
793 4345 854 4412 boc
872 4345 1030 4410 indicetur
1047 4343 1099 4410 bic
1121 4342 1265 4431 (C.³7.),
1287 4359 1323 4410 vt
1343 4344 1424 4410 aliae
1444 4341 1497 4426 (Β.
1515 4345 1581 4420 35.)
1601 4337 1780 4406 videbimus
1801 4339 1988 4404 indicatum.

155 4455 255 4522 llaec
274 4465 354 4526 enim
376 4464 470 4530 nauis
492 4463 566 4545 (Υ)
595 4483 668 4528 cum
691 4462 973 4550 Trigonodeepota
999 4459 1035 4531 Θ
1057 4460 1169 4544 leone,
1200 4476 1235 4526 vt
1260 4478 1357 4548 supra
1379 4461 1433 4542 (Α.
1448 4465 1481 4523 4.
1496 4463 1561 4539 a),
1591 4459 1732 4520 continet
1757 4457 1930 4542 imaginem
1955 4449 1991 4518 Θ

153 4571 342 4659 discophori
367 4579 543 4644 sacerdotia
572 4582 618 4668 (p.
635 4587 707 4646 191.
720 4585 762 4667 ι.)
790 4595 887 4668 atque
915 4587 937 4658 2
963 4579 1231 4666 Hieracoccphali
1255 4577 1309 4663 (C.
1326 4583 1378 4642 32.
1391 4575 1449 4658 9.).
1493 4571 1585 4650 eraa
1615 4575 1724 4638 omnia
1751 4573 1883 4658 egregie
1906 4573 1989 4634 inter

150 4712 187 4754 ee
210 4694 425 4776 consentiunt,
448 4677 550 4760 ἱιιιίι
571 4699 684 4781 negari
705 4713 862 4785 nequeat,
886 4711 1102 4764 astronomum
1126 4709 1268 4763 noenum
1289 4703 1317 4777 1(
1338 4693 1483 4778 posuisse
1499 4692 1532 4755 in
1556 4701 1610 4758 Α.
1653 4688 1828 4766 Quaeritur
1852 4704 1989 4774 quanam

146 4805 306 4890 Denaris,
333 4831 395 4895 qno
414 4811 529 4892 llorio,
552 4811 821 4880 Dodeeutemorio
846 4829 879 4880 et
902 4815 1022 4880 Gradu.
1066 4813 1196 4880 Scilicet
1227 4833 1271 4876 ex
1300 4807 1375 4894 lege
1397 4807 1493 4874 XVI.
1519 4807 1554 4872 hi
1580 4807 1740 4894 principes
1764 4808 1906 4892 potiores
1927 4799 1989 4866 fin-

145 4937 274 5008 guntur
293 4942 371 5014 poet
382 4927 642 5015 Oecodeepotam
659 4927 714 5016 (C.
725 4932 794 5013 26.)
814 4932 952 5014 nauigiis
972 4929 1148 4994 minoribus
1169 4927 1277 5014 positi.
1322 4924 1434 5011 ltaque
1454 4924 1610 4992 hahemus
1625 4921 1798 4992 Decurism
1824 4923 1849 5000 ij
1868 4909 1991 5004 (10⁰-

140 5041 252 5121 200),
283 5042 333 5108 dei
353 5047 381 5122 ἃ
402 5043 559 5112 simillimi
580 5043 711 5134 flagello
732 5057 765 5110 et
786 5043 872 5131 pileo
894 5049 940 5129 (p.
958 5048 1031 5108 197.
1050 5043 1110 5109 col.
1124 5067 1157 5130 p.
1175 5044 1253 5123 68.).
1297 5041 1387 5106 ldcm
1411 5042 1471 5108 sibi
1493 5043 1695 5109 volunt0tree
1718 5040 1806 5124 scapi
1837 5037 1990 5104 melilotai

137 5164 210 5238 (26.
227 5163 282 5224 27.
301 5161 379 5244 26).
426 5159 704 5238 Quemadmodum
736 5165 820 5230 enirn
848 5159 1073 5246 Oecodeepota
1111 5163 1135 5238 Ω
1170 5171 1305 5246 quatuor
1333 5159 1415 5226 Hori
1443 5161 1621 5226 simulacris
1650 5154 1894 5245 exprimebatur
1923 5157 1989 5236 (26.

135 5298 168 5342 a.
187 5275 226 5341 b.
247 5281 301 5344 27.
315 5279 403 5361 28.),
447 5282 495 5346 ita
526 5279 697 5364 Decanue,
732 5281 890 5367 dignitate
927 5275 1097 5364 proximus
1128 5275 1389 5362 Oecodeepotae,
1428 5276 1530 5342 tribus
1566 5271 1720 5360 symbolis
1757 5267 1987 5354 coniungendis
