4928 6102
912 479 999 496 ·····
1054 457 1292 520 xva-

173 627 429 706 astronomica
446 624 687 726 planetarum
707 643 859 713 mrum,
875 645 1038 724 querum
1055 629 1185 706 umas
1209 631 1443 729 exprimunt,
1471 647 1517 710 vt
1541 636 1767 714 inuenietur.
1820 637 1899 714 Leo
1920 665 1956 717 v.
1976 665 2020 734 c,

173 763 391 858 symbolum
422 777 473 851 Θ,
495 759 685 856 siguificat
709 759 735 851 l,
760 761 910 838 literam
942 778 990 850 Θ.
1040 764 1170 856 l'erro,
1191 787 1306 864 quum
1331 767 1486 866 plancta
1506 770 1674 868 pluribus
1695 773 1889 872 alphabeti
1914 777 2028 854 souis.

167 901 329 996 praesit,
349 918 451 972 nuuc
468 917 547 970 nou
571 895 724 985 mirum,
748 896 853 970 idem
872 896 1197 996 hieroglyphicum
1210 903 1337 1001 plures
1361 925 1475 978 sones
1493 907 1719 1003 exprimere,
1740 907 1877 1008 quippe
1892 911 2021 990 eidem

170 1037 354 1132 planetae
380 1030 606 1128 adscriptos.
659 1031 729 1110 Sic.
747 1031 830 1121 leo,
855 1047 892 1118 Θ
919 1031 1157 1127 symbolum,
1178 1057 1278 1110 nunc
1304 1033 1443 1112 luttne
1466 1063 1491 1110 s·
1513 1039 1637 1129 valet,
1664 1043 1804 1140 quippe
1829 1044 1954 1120 eidem
1981 1063 2018 1134 Θ

167 1171 336 1270 propria
388 1169 563 1266 Denique
597 1165 690 1242 bina
719 1177 902 1266 ternaque
933 1169 1234 1272 hieroglyphice,
1274 1182 1318 1246 vt
1353 1172 1447 1246 alias
1480 1172 1739 1252 demonstraui
1771 1175 2017 1276 (liudimsuta

169 1303 522 1404 flicccgtypucec),
563 1305 708 1404 passim
730 1321 863 1392 ¹vnum
893 1301 1130 1380 selummodo
1162 1325 1299 1379 sonum
1337 1305 1568 1401 significant,
1609 1310 1789 1408 quoniam
1822 1315 2015 1394 continent

168 1461 311 1516 nemea
337 1440 537 1538 planctae,
560 1449 628 1512 aut
649 1437 973 1535 hieroglypbicum
996 1442 1139 1516 iustum
1171 1460 1249 1516 vna
1270 1461 1355 1514 eum
1379 1439 1573 1516 discritiec
1599 1445 1716 1540 signe.
1768 1447 1898 1543 ltaque
1919 1449 2013 1528 baec

169 1585 228 1648 est
256 1574 379 1650 clauis
407 1573 586 1672 prinam
613 1570 667 1648 od
695 1589 872 1650 mearam
893 1573 1169 1675 Aegyptiorum
1199 1573 1445 1652 literaturam.
1495 1575 1689 1674 Scriptura
1715 1581 1928 1656 merissime
1952 1605 2013 1659 eo-

167 1706 308 1784 haeret
333 1729 420 1782 curu
440 1709 702 1784 sacrmenti
717 1721 891 1784 veterum
913 1712 1168 1810 opinionibus,
1193 1733 1279 1786 eum
1299 1711 1537 1806 mythologia
1560 1723 1600 1784 ct
1620 1715 1861 1789 astronomia.
1912 1717 2011 1796 Nom

168 1845 225 1914 24
250 1843 341 1916 illae
361 1844 539 1920 orationis
562 1847 647 1920 scai
667 1865 736 1920 seu
755 1844 889 1920 literae
908 1846 1141 1945 respondent
1162 1851 1215 1920 24
1240 1847 1344 1925 horis
1365 1845 1550 1936 sidenem
1579 1869 1647 1921 seu
1673 1847 1907 1943 Semisiguh,
1929 1855 2013 1950 qui·

169 1976 243 2050 bus
265 1969 488 2074 praeessent
512 1979 700 2078 planetae.
749 1976 849 2054 Hinc
873 1981 997 2074 claret,
1023 2001 1089 2058 cur
1108 1993 1259 2060 veteres
1285 1983 1503 2080 scripserint
1527 2003 1553 2056 a
1571 1981 1710 2057 dcxua
1732 1981 1783 2058 cd
1805 1984 2009 2080 sionnam,

168 2113 308 2210 quippe
339 2111 392 2188 od
424 2115 546 2190 imru
583 2111 745 2192 Zodisei.
794 2113 894 2193 Hinc
920 2116 1161 2213 intelligitur,
1188 2139 1254 2192 cur
1280 2116 1463 2216 Aegyptii
1485 2116 1610 2208 mille,
1641 2127 1681 2190 et
1705 2115 1808 2216 qued
1831 2125 2010 2214 excurrit,

163 2247 295 2342 tignis,
323 2247 416 2323 iicet
439 2270 562 2348 pauca
576 2252 828 2342 ‘ammiscent
846 2235 982 2330 'titane
1008 2251 1246 2354 planetarum
1263 2252 1535 2354 expresserint,
1558 2253 1697 2350 quippe
1721 2251 1881 2328 tetidem
1908 2277 2011 2349 sym·

166 2383 262 2458 belis
280 2385 539 2484 planetarum
559 2383 658 2475 hine,
680 2409 747 2462 eur
771 2387 1059 2485 hieroglyphice
1079 2401 1262 2466 vorentur
1281 2392 1416 2464 literae
1440 2409 1582 2478 samse,
1605 2377 1779 2480 symbola
1800 2386 2008 2482 literarum,

166 2515 325 2594 deorum
350 2529 587 2616 grammata,
626 2531 668 2594 et
691 2521 734 2597 id
761 2543 895 2613 genens¹
911 2521 999 2598 alia.
1051 2523 1117 2612 tea
1135 2525 1323 2616 principio
1348 2523 1650 2616 hieroglyphicas
1677 2525 1931 2598 astronomica
1951 2527 2009 2598 in-

163 2673 326 2728 numera
353 2655 513 2728 nomino
542 2663 583 2724 et
606 2651 791 2731 voeabula
815 2653 957 2751 partim
983 2649 1160 2743 omenta,
1187 2654 1330 2751 partim
1354 2651 1449 2726 false
1472 2649 1569 2722 lecta
1593 2673 1646 2724 cx
1665 2654 1859 2747 principiis
1884 2655 2010 2732 adhue
2057 2729 2062 2736 .

164 2787 397 2877 valentibus,
420 2807 524 2862 nunc
549 2787 797 2863 illustrantur.
850 2784 943 2862 lude
965 2788 1165 2886 praefinire
1185 2789 1293 2875 licet,
1328 2785 1420 2884 quid
1437 2795 1541 2858 certa
1564 2783 1848 2880 hieroglyphice
1868 2791 2011 2885 partim
2126 2847 2131 2860 .

163 2921 380 3020 phenetiea
401 2921 544 3020 wtim
566 2895 777 3016 symbolica
802 2923 1012 3018 significare
1036 2919 1213 2994 debeant.
1264 2917 1441 2993 &terum
1467 2917 1567 3006 bine,
1594 2917 1643 2992 de
1668 2940 1744 3017 quo
1767 2919 1862 2993 mihi
1884 2935 2009 3015 gratu-

162 3059 233 3148 lor,
259 3057 530 3132 confirmantur
553 3059 712 3134 inuecta
736 3058 866 3158 priora
889 3077 997 3145 msa,
1020 3054 1110 3128 lieet
1132 3053 1263 3128 multis
1283 3075 1308 3126 a
1331 3053 1449 3152 priori
1473 3055 1559 3128 sisa
1584 3055 1662 3128 sint
1683 3052 1795 3150 plane
1817 3055 2010 3151 improba.

163 3194 273 3270 bilia.
326 3190 411 3266 Hoc
434 3213 554 3270 vorem
575 3188 961 3294 accrescuntque,
994 3187 1129 3264 mem
1151 3187 1436 3286 hieroglyphice
1462 3199 1609 3277 ternas,
1641 3188 1783 3285 partim
1806 3199 2008 3285 quaternae

168 3329 308 3402 num
333 3327 541 3421 exprim
566 3347 691 3424 pesse.
746 3321 970 3398 'leuandum
992 3345 1099 3414 vere,
1124 3323 1257 3399 literas
1282 3321 1334 3396 ad
1358 3335 1463 3400 certa
1480 3322 1763 3420 hieroglyphice
1786 3325 2010 3406 referendas
2156 3347 2162 3356 ·

173 3481 277 3534 nnnc
296 3481 367 3557 per
393 3461 618 3558 principium
644 3457 797 3533 dictum·
814 3477 899 3532 csse
926 3455 1122 3549 deitates,
1159 3481 1277 3557 quare
1302 3457 1532 3554 ambiguitas
1552 3458 1727 3532 lectionis
1754 3459 1900 3535 tollitur
1923 3485 2010 3537 eon·

170 3607 290 3668 taam
342 3593 494 3670 Deinde
519 3615 634 3694 quum
660 3592 905 3692 alphabetum
934 3591 1253 3692 quadripartitum
1277 3592 1507 3692 respondeat
1535 3590 1807 3691 quadrantibus
1838 3595 2009 3671 eoelesti-

167 3730 255 3823 bus3
287 3727 514 3827 quadrantis
539 3729 716 3804 domiuus
743 3729 875 3802 eiusne
897 3727 1113 3824 symbolum
1141 3751 1226 3805 cum
1249 3739 1350 3802 certe
1376 3727 1663 3826 hieroglyphice
1685 3728 1924 3804 coniunctum
1951 3733 2008 3804 in·

169 3864 296 3940 dicare
320 3863 477 3940 videtur
500 3885 636 3940 senum
661 3862 934 3960 hieroglypbici
960 3863 1173 3963 specialem.
1224 3860 1403 3938 ceterum
1423 3863 1574 3939 vocales
1600 3863 1825 3934 omittuntur
1845 3864 2008 3960 plerum·

5 3991 6 4002 '
169 4023 251 4099 qua
272 4001 371 4080 allus
393 4021 489 4076 vero
513 3999 686 4094 symbolo
718 3997 764 4088 t,
783 4001 972 4076 vocalium
997 3997 1196 4100 praesidis,
1218 3996 1367 4074 adiecto
1389 3995 1615 4072 indicantur.
1667 3995 1781 4072 Certa
1795 4007 1884 4068 sunt
1898 3997 2014 4092 sigua-

171 4133 373 4212 diacritiea.
428 4131 520 4208 Vtut
544 4146 624 4223 est,
646 4133 740 4210 baec
762 4133 971 4210 obscuritas
999 4136 1122 4208 serius
1150 4134 1253 4207 ecus
1277 4134 1388 4208 nouis
1410 4132 1737 4208 obseruationibus
1759 4129 1976 4228 dissipetur.

264 4267 356 4344 Jaru
381 4267 453 4346 hoe
480 4271 598 4348 etium
624 4269 1020 4360 commemorandum,
1052 4289 1131 4342 non
1150 4267 1272 4342 solum
1297 4265 1570 4368 Aegyptiacae,
1595 4287 1728 4343 verum
1758 4286 1906 4364 queque
1930 4265 2009 4340 Hs·

169 4405 316 4480 braicos
348 4404 479 4479 literas
503 4406 688 4506 principio
722 4395 975 4482 moenumico
1007 4405 1129 4480 inuiti.
1189 4401 1333 4492 Quodsi
1366 4406 1469 4478 enim
1504 4399 1746 4498 alphabetum
1779 4399 2008 4478 Hebraicum

5 4601 21 4650 ξ,
173 4538 279 4614 dietis
314 4557 368 4612 ex
400 4539 547 4634 legibus
577 4543 678 4614 inter
709 4539 883 4640 manetes
915 4539 1111 4630 diuiscris,
1144 4539 1201 4614 ita
1234 4549 1297 4628 vt,
1333 4537 1435 4637 qued
1461 4547 1612 4613 veteres
1644 4546 1852 4625 testanmr,
1878 4535 2011 4613 literar

178 4697 203 4744 n
223 4701 270 4761 c,
293 4696 324 4750 rs
349 4699 387 4762 a,
414 4699 441 4748 n
463 4703 507 4765 η,
534 4701 549 4742 s
574 4705 612 4764 ι,
636 4697 658 4750 s
678 4701 722 4763 o,
745 4699 760 4750 s
787 4703 813 4752 v
839 4699 909 4776 pro
930 4674 1127 4754 vocalibus
1149 4675 1329 4772 accipiam
1371 4650 1545 4761 videbis,
1569 4672 1726 4750 nemius
1748 4671 1942 4746 literarum
1969 4684 2009 4747 et

5 4819 7 4896 ᾗ
172 4806 306 4900 figuras
326 4809 498 4906 ipserum
521 4813 741 4912 exprimere
754 4833 829 4900 res,
846 4811 1003 4908 singulm
1024 4811 1187 4910 planetis
1207 4809 1486 4908 praestantibus
1507 4831 1643 4884 sauss

280 4940 383 5018 'lolia
409 4955 511 5033 unt,
539 4966 635 5042 quae
659 4943 830 5046 pendere
844 4945 1050 5022 videantur
1073 4946 1121 5022 ab
1143 4941 1493 5041 antiquissimorum
1516 4941 1767 5020 astronomiae
1786 4959 2009 5014 monumen·
2167 5019 2172 5026 ,

167 5089 300 5154 torum
330 5077 659 5178 interpretatione,
691 5101 806 5169 sace,
836 5092 881 5156 vt
912 5080 1007 5156 elias
1032 5079 1164 5152 monui
1192 5077 1348 5178 (Spolia
1369 5077 1531 5178 Aegypt
1555 5076 1635 5152 Vel.
1651 5076 1694 5147 li.
1710 5073 1840 5148 Prode.
1863 5098 1900 5174 p.
1918 5073 2007 5168 IX),

169 5214 304 5306 ceeia
325 5213 506 5290 eteritis
556 5212 683 5306 Quare
706 5207 773 5290 alii
797 5235 875 5290 nun
895 5216 1018 5313 pauci,
1042 5224 1088 5292 vt
1108 5211 1206 5305 dixi,
1226 5213 1359 5292 videro
1379 5215 1511 5303 velint,
1532 5235 1625 5288 num
1649 5219 1779 5284 nestra
1796 5207 2009 5306 inscriptio·
2103 5265 2105 5270 .

1576 5351 1595 5394 a
