4882 6098
432 703 564 766 dentur.
608 695 788 764 Beneuenti
816 711 916 778 prope
936 687 1096 778 Neapoliu
1119 691 1295 786 etiamnum
1322 704 1434 764 exatat
1451 711 1546 758 mona
1564 687 1786 774 Triumphalia
1803 687 1935 758 Neruae
1956 687 1999 756 11.
2021 702 2158 758 erectna
2203 687 2271 756 lino

440 830 564 906 spectat
585 812 744 880 Columna
765 807 919 874 Traiana.
961 805 1000 871 lu
1029 805 1136 871 iuaula
1163 806 1347 890 Philotam,
1377 807 1457 877 arbe
1475 807 1596 890 onor,
1625 807 1800 874 Denderae
1826 803 1964 892 alliaque
1983 810 2020 870 iu
2039 805 2122 874 lucia
2141 819 2273 874 exutam

441 946 645 1004 monumenta
665 950 737 996 oum
759 924 899 992 Nomina
919 922 1049 990 Neruae
1068 920 1204 988 Traiani
1220 929 1234 967 ³
1241 928 1283 1012 ⁰).
1328 924 1419 1004 Quae
1437 927 1566 1016 quidem
1588 925 1630 996 eb
1658 944 1788 995 tenuat
1808 923 1869 992 vix
1889 920 2083 1010 negabitur,
2112 919 2271 995 Tabulam

442 1050 631 1122 Bembinam
658 1047 821 1112 continere
850 1042 1051 1106 natiuitatem
1071 1043 1274 1127 imperatoria
1295 1043 1427 1110 Neruae
1448 1043 1600 1122 Traiani,
1631 1042 1686 1108 vel
1707 1042 1833 1128 petina,
1862 1039 2106 1107 obaeroationea
2127 1053 2273 1108 artronu-

441 1172 540 1236 micea
559 1166 599 1230 de
620 1177 744 1251 reptem
766 1159 904 1248 planetis
923 1161 1087 1224 inatitutaa
1107 1157 1168 1223 aub
1181 1162 1306 1228 initium
1331 1163 1416 1228 anul¹
1431 1162 1655 1243 astronomici,
1684 1181 1748 1248 quo
1771 1172 1921 1224 currente
1942 1157 2055 1226 Nerua
2078 1170 2173 1226 uatna
2195 1173 2273 1224 erat.

440 1285 591 1352 Vidimus
617 1286 721 1358 enirn,
749 1282 847 1344 etiam
876 1276 1050 1344 zodiacum
1079 1275 1312 1364 ‘l'entyriticum
1340 1282 1505 1348 continere
1533 1275 1810 1346 constellationem
1838 1276 1978 1344 Neronia
2007 1273 2067 1344 eub
2098 1278 2177 1340 euni
2207 1279 2272 1339 aina

441 1373 573 1472 initium¹
600 1400 823 1480 ebremarum,
857 1416 920 1482 quo
949 1407 1097 1460 currente
1126 1393 1215 1461 Nero
1243 1411 1339 1464 natue
1364 1403 1417 1468 ait.
1462 1395 1556 1474 Quae
1584 1399 1770 1464 coniectura
1799 1398 1932 1483 egregie
1960 1393 2171 1459 confirmatur
2196 1395 2272 1477 ipaia

442 1519 590 1586 Tabulae
619 1516 796 1584 Bembiuae
825 1509 1098 1598 inscriptionibua.
1145 1511 1184 1577 Iu
1208 1513 1324 1602 vulgus
1352 1519 1437 1584 enim
1467 1527 1608 1598 conatat,
1638 1537 1751 1604 regum
1773 1529 1806 1582 et
1833 1491 2063 1598 imperatorum
2083 1512 2211 1576 nomina
2231 1507 2271 1570 ab

440 1637 611 1722 Aegyptiis
630 1631 869 1718 hieroglyphice
891 1629 1011 1712 scripta
1030 1626 1154 1693 incluaa
1175 1649 1250 1693 eaeo
1269 1631 1396 1694 annulle
1418 1635 1528 1696 cauria.
1569 1633 1677 1698 Huiua
1696 1635 1825 1718 penaria
1845 1629 1998 1694 annulum
2020 1625 2166 1692 hebetia
2187 1625 2272 1690 Area

442 1751 540 1821 111.t.
562 1748 660 1835 (lab.
675 1745 782 1831 VlII.)
803 1749 901 1810 iuxta
922 1747 1009 1830 regia
1032 1745 1218 1832 imaginem,
1240 1769 1305 1836 quo
1323 1746 1386 1813 bae
1405 1746 1521 1814 literae
1541 1751 1745 1816 continentur
1766 1743 1983 1820 AVTKRTR
2002 1741 2148 1825 NBVA‚
2170 1739 2272 1805 Aeto·

442 1877 557 1936 mutor
577 1866 707 1934 Nerua.
749 1861 940 1951 Significant
961 1863 1046 1928 euim
1067 1862 1099 1928 Α
1119 1884 1226 1949 penna
1243 1861 1362 1947 lbidia,
1394 1868 1547 1932 coturnix
1569 1865 1619 1949 V,
1639 1863 1860 1932 ammento·
1880 1863 1968 1929 urbia
1987 1875 2148 1926 terraram
2166 1862 2273 1944 imago

442 1983 493 2062 Τ,
523 1983 683 2072 quadrans
706 1980 755 2064 K,
788 1979 871 2046 oculi
891 1982 980 2044 caeci
1002 1981 1151 2047 circuitur
1170 1981 1217 2064 lt,
1245 1981 1357 2067 perdix
1378 1980 1429 2066 T,
1459 1955 1617 2052 Circellda
1637 1983 1753 2050 colaris
1776 1983 1815 2049 ll.
1857 1983 2040 2070 Sequuntur
2058 1959 2134 2043 bido
2156 1973 2274 2040 lineola

442 2102 493 2184 N,
520 2100 631 2166 uculua
657 2119 771 2164 mecca
790 2097 837 2181 R,
870 2097 933 2162 due
962 2095 1021 2162 loti
1051 2096 1133 2163 lolia
1167 2095 1222 2163 vel
1251 2097 1425 2166 elauatrum
1446 2102 1490 2193 AV
1523 2116 1620 2190 atque
1648 2101 1738 2170 orbia
1771 2100 1955 2166 dimidiatur
1989 2095 2032 2164 A.
2082 2093 2169 2172 Quin
2197 2095 2273 2172 imo,

443 2239 559 2284 nomen
582 2216 715 2280 Traiani
738 2216 822 2280 inira
842 2213 902 2282 acb
922 2213 1053 2279 brachio
1081 2217 1168 2301 regia
1196 2217 1337 2302 exprimi
1363 2218 1490 2284 videtur
1520 2218 1641 2286 vltimia
1660 2221 1780 2308 signia:
1799 2239 1896 2282 mauu
1917 2213 1969 2298 Τ,
2001 2210 2095 2279 oculo
2115 2231 2213 2278 caeco
2236 2209 2274 2288 ll,

443 2347 514 2402 rota
534 2333 572 2412 J,
594 2329 714 2397 lineola
736 2327 788 2414 N,
815 2351 891 2395 area
919 2352 999 2396 caua
1019 2331 1053 2397 S.
1095 2331 1159 2397 Sed
1181 2331 1261 2398 baec
1281 2337 1388 2400 minua
1408 2334 1495 2401 clara
1516 2350 1602 2403 aunt.
1644 2335 1714 2403 lam
1738 2357 1817 2403 vero
1840 2350 1872 2400 et
1894 2332 2107 2419 imperatricia
2128 2327 2276 2394 Plotinae

442 2473 559 2518 nomen
575 2447 684 2514 tabula
705 2445 862 2518 Bembina
882 2452 1074 2514 continetur.
1118 2451 1247 2516 Etenim
1269 2449 1433 2533 annulum,
1460 2467 1497 2518 vt
1517 2463 1627 2542 cupra,
1647 2451 1748 2520 babet
1768 2456 1803 2519 in
1824 2452 1912 2519 Area
1931 2451 2004 2518 Lu.
2025 2451 2123 2514 iuxta
2137 2421 2275 2513 Neitbae

442 2567 665 2648 aimulacrum,
698 2589 770 2632 eum
792 2567 894 2632 literia
914 2565 1096 2633 PLA'l’NA
1114 2568 1147 2632 b.
1172 2591 1200 2636 e.
1223 2567 1369 2633 Plotina.
1413 2569 1604 2658 Significant
1626 2574 1712 2638 enim
1732 2568 1931 2648 Quadratum
1953 2567 1997 2650 Ρ,
2027 2565 2141 2632 cculua
2162 2582 2278 2629 caecus

442 2687 493 2762 L,
514 2695 621 2772 penna
640 2681 742 2748 lbidia
763 2685 812 2767 A,
842 2683 930 2750 orbia
953 2685 1136 2750 dimidiatur
1157 2681 1205 2768 T,
1233 2685 1399 2754 vaaculum
1419 2688 1591 2754 rotundum
1612 2685 1664 2773 N,
1697 2701 1794 2777 atque
1815 2687 1903 2752 urbia
1925 2685 2110 2751 dimidiatae
2131 2679 2172 2748 A.
2212 2679 2273 2742 Se·

435 2815 576 2890 ,quentea
597 2799 722 2884 literae,
743 2800 820 2866 licet
843 2819 942 2894 cart!
962 2821 1051 2866 aaut·
1069 2804 1275 2888 pronunciari
1293 2808 1429 2890 poarint,
1450 2809 1545 2874 nimia
1565 2805 1721 2874 abacurae
1740 2819 1827 2872 aunt.
1869 2803 2019 2890 Denique
2039 2803 2149 2866 tertium
2169 2816 2272 2860 anuu-

441 2920 494 2985 lua
514 2931 564 2984 eat
580 2920 615 2982 in
640 2917 728 2984 Area
747 2919 795 2984 X.
812 2919 861 2998 d.‚
883 2919 924 2984 de
946 2941 1009 3007 quo
1029 2931 1200 3005 praeeunte
1221 2920 1332 2987 tabula
1352 2922 1575 3009 iudicandum,
1598 2940 1706 2993 utrum
1729 2923 1833 2990 Iuliae
1857 2921 1998 2988 Sabinae
2025 2920 2128 3006 neptia
2148 2913 2273 2980 auroris

443 3032 596 3117 Traiani,
634 3037 751 3122 quippe
780 3021 926 3123 aequanti
952 3039 1138 3124 imperaturi
1163 3041 1333 3106 maritatae
1364 3043 1495 3109 uiuente
1520 3044 1625 3110 adhuc
1651 3041 1816 3125 Traiano,
1854 3064 1897 3107 au
1924 3037 2126 3119 Mamaeae,
2153 3033 2275 3099 aemuia

442 3149 593 3232 Traiani,
616 3165 672 3216 aut
693 3150 782 3218 filiae
803 3155 1006 3239 imperatoria
1032 3157 1164 3220 nomina
1183 3157 1357 3225 contiueat.
1399 3157 1521 3226 Saltem
1542 3175 1614 3226 rota
1637 3161 1679 3244 S,
1708 3182 1841 3248 terpena
1862 3157 1911 3242 B,
1940 3155 2131 3238 munile-A,
2157 3171 2272 3217 vaccu-

442 3267 510 3332 lum
531 3266 574 3345 N,
595 3267 706 3334 oonlua
728 3269 896 3356 Avolent,
919 3272 1035 3361 quibua
1054 3271 1249 3360 imaginibus
1269 3295 1386 3342 nomen
1412 3275 1558 3345 SBANA
1579 3276 1728 3366 (Sabina)
1751 3279 1891 3364 exprimi
1910 3275 2049 3344 videtur.
2093 3270 2183 3349 Quae
2202 3270 2279 3358 qui·

443 3385 517 3450 dem
541 3383 583 3448 ob
607 3405 719 3450 caueae
740 3407 803 3452 nun
823 3389 1039 3476 improbabile
1060 3404 1126 3472 est,
1160 3387 1299 3456 aaaeclae
1319 3391 1425 3460 cultua
1446 3393 1639 3483 Aegyptiaci
1659 3397 1821 3464 Romanoa
1843 3391 1927 3459 banc
1947 3405 2092 3458 nuruum
2113 3386 2277 3454 Tabulam

442 3499 605 3577 Traiano,
635 3504 753 3589 quippe
773 3509 973 3572 natiuitatem
992 3510 1113 3595 ipsine,
1146 3508 1231 3574 dono
1252 3509 1397 3595 dediaae,
1427 3493 1737 3600 qua'imperatorem
1767 3499 1899 3600 propter
1918 3531 2056 3600 regnum
2077 3529 2172 3576 auum
2198 3526 2280 3570 vere

442 3622 559 3682 iuatum
589 3631 622 3684 et
642 3623 816 3708 propitium
847 3645 918 3690 cum
943 3623 1023 3691 que
1046 3626 1190 3708 osiride,
1223 3625 1277 3694 vel
1301 3635 1330 3712 ip
1354 3626 1500 3715 planete,
1527 3653 1669 3700 uxorem
1688 3631 1847 3698 Plotinam
1878 3651 1950 3695 cnm
1970 3629 2120 3695 Minerua
2142 3621 2278 3700 Neitba,

440 3734 495 3799 701
521 3740 560 3810 ὦ
586 3732 754 3822 feminino,
785 3739 922 3829 denique
951 3741 1104 3810 Sabinam
1137 3745 1264 3812 affinem
1297 3721 1431 3813 'l'raiadi
1460 3771 1532 3815 uum
1555 3747 1734 3830 Ganimedu
1763 3747 1817 3814 vel
1837 3747 1932 3814 Hebe
1956 3746 2157 3834 Aegyptiace
2178 3741 2280 3813 Iride,

442 3871 499 3916 teu
530 3852 553 3930 ἕ
584 3849 737 3916 feminino
770 3873 1004 3941 compararent.
1049 3860 1200 3930 Ceterum
1222 3885 1354 3930 mouere
1372 3868 1479 3950 iuuat,
1513 3889 1578 3934 nun
1605 3870 1731 3934 unicam
1762 3867 1845 3931 bane
1867 3887 1938 3936 eata
1958 3867 2190 3955 imperatorum
2209 3859 2280 3924 lto·

441 3987 609 4032 mmmm
630 3967 851 4052 flebilitatem,
884 3995 965 4060 quae
986 3979 1026 4044 ad
1047 3995 1157 4047 noatra
1177 3995 1323 4068 tempora
1343 3986 1537 4069 peruenerit.
1585 3983 1639 4050 Sic
1659 3985 1804 4074 exempli
1829 3985 1935 4072 gratia
1956 3996 2069 4070 exatat
2091 4001 2205 4049 numua
2225 3997 2282 4041 ex

306 4165 309 4170 1
442 4097 549 4150 aetate
582 4083 756 4167 Antonini,
784 4105 848 4172 qno
881 4090 1081 4158 conatellatle
1111 4097 1207 4165 buiua
1234 4102 1438 4188 imperatoria
1464 4123 1587 4167 excuaa
1616 4105 1757 4169 cernitur
1778 4104 1850 4188 ³¹),
1896 4099 1946 4168 lle
1973 4103 2046 4186 ipra
2080 4101 2287 4186 imperatore

441 4201 589 4289 Anguato
611 4215 771 4285 cunctat.
784 4217 821 4268 vt
846 4217 974 4272 veterae
1002 4223 1151 4290 narrant,
1182 4237 1257 4283 enm
1278 4219 1478 4286 arduitatem
1505 4241 1617 4305 anam,
1646 4242 1745 4312 quum
1772 4221 1916 4287 nuuiaaat
1944 4221 2134 4309 propitiam,
2163 4216 2284 4279 dumis

440 4321 603 4386 excudere
624 4332 658 4384 et
681 4319 939 4420 edere‘traaae.

525 4435 679 4523 Superest
707 4435 949 4527 demonatrare,
975 4443 1136 4510 Tabulam
1161 4443 1350 4514 Bembinam
1371 4457 1504 4522 numina
1532 4459 1750 4522 aetrouumiua
1770 4453 1883 4522 eodem
1907 4457 2001 4522 modo
2024 4454 2211 4543 exprimere
2238 4473 2291 4518 ue

440 4548 582 4638 reliqua,
612 4575 695 4641 quae
714 4555 869 4642 vidimus,
898 4573 1116 4628 monumenta.
1161 4561 1316 4654 Symbola
1337 4575 1550 4638 mbunnmiea
1571 4594 1656 4639 noua
1676 4585 1789 4639 notatu
1812 4588 1886 4640 aunt
1907 4578 1932 4638 ¹³.

433 4713 736 4730 ι--ι--ιο-ῇ-
741 4723 844 4735 Q„

507 4804 554 4873 tt)
567 4806 633 4862 Vid.
650 4805 845 4880 Cleempolla'oa
862 4813 961 4869 Prdcla
978 4815 1022 4870 ed.
1040 4819 1074 4873 ll.
1094 4819 1166 4873 Tab·
1182 4817 1236 4873 No·
1253 4821 1312 4876 lta
1327 4838 1353 4879 a.
1367 4823 1396 4886 b,
1419 4825 1522 4882 Lettre
1542 4826 1559 4881 b
1577 4825 1682 4886 Decier
1701 4844 1747 4884 no.
1761 4829 1805 4885 55.
1830 4827 1894 4884 Salt
1913 4830 2006 4902 liaaay
2022 4827 2092 4886 Tot».
2107 4817 2145 4888 11.
2165 4849 2211 4892 uc·
2232 4833 2296 4900 ta,

439 4889 608 4949 l'rulreacb'a
627 4897 847 4972 liriaaeruugen
868 4900 935 4958 Vol.
947 4904 996 4958 lll.
1013 4906 1083 4958 ch.
1096 4905 1132 4960 V.
1149 4905 1273 4960 Nomina
1293 4907 1412 4964 'l'ralani
1434 4919 1464 4968 et
1478 4911 1593 4969 Neruae
1612 4917 1855 4971 uumeroaiaaima.

506 4987 679 5070 ilJ'Dupcia
699 5002 819 5075 Origine
838 5005 873 5060 de
892 5011 958 5058 tona
975 5005 1017 5058 lea
1033 5006 1124 5060 cultea
1145 5007 1266 5080 rab-11.
1286 5025 1334 5068 uo.
1353 5011 1396 5065 ll.
1416 5013 1547 5072 Kreceer
1566 5015 1726 5085 Symbulik.
1744 5017 1814 5073 Tali.
1830 5015 1866 5071 V.
1884 5031 1913 5069 n.
1931 5019 1971 5070 1².
