4860 6092
869 554 975 600 ¹-—
1035 502 1112 583 147
1170 557 1256 570 .-

149 691 367 760 hinnulornm.
410 687 556 754 Bacchus
576 709 667 766 vero,
689 692 759 754 sine
778 689 954 772 Dionysus,
970 688 1086 768 Osiris,
1109 704 1159 755 est
1180 697 1216 770 Q
1236 695 1270 757 in
1288 703 1339 772 ss,
1368 692 1391 762 2
1414 691 1519 760 domo.
1562 698 1652 784 Ergo
1674 699 1826 769 hinnulus
1854 709 1876 778 2
1903 729 1986 794 sym·

149 808 269 876 bolum.
312 806 379 874 Alii
409 809 443 872 in
475 806 589 872 eodem
617 808 701 872 leste
727 805 884 892 gerebant
912 804 1015 890 pelles
1038 805 1287 890 pantherarum,
1325 808 1409 894 quod
1433 812 1545 876 eodem
1567 815 1662 880 redit.
1704 818 1867 888 Panthera
1889 831 1985 906 enim,

149 947 246 1015 quarn
258 923 299 990 ad
311 924 423 990 lelium
438 945 541 1012 genus
561 927 730 1010 pertineat,
747 925 867 1009 pariter
880 937 975 1008 atque
997 920 1105 1005 lelern,
1130 925 1151 994 9
1172 917 1369 1008 designasse,
1384 923 1457 1011 plus
1478 947 1574 1014 quam
1593 929 1760 1016 probabile
1775 953 1824 1004 est
1840 945 1885 1028 (v.
1899 948 1984 1015 inira

147 1041 318 1126 Panther).
360 1041 446 1106 Hinc
471 1044 569 1108 etiam
590 1037 755 1106 Bacchum
777 1037 937 1124 panthera
958 1050 1086 1104 vectum
1109 1037 1294 1126 fingebant,
1326 1043 1418 1127 qnasi
1438 1049 1474 1120 Q
1492 1045 1647 1112 insideret
1673 1052 1766 1136 signo
1788 1067 1849 1138 st,
1878 1065 1901 1131 2
1928 1065 1983 1131 (10.

127 1158 279 1250 'micilio
322 1158 397 1226 Huc
424 1172 549 1245 spectat
577 1155 667 1225 locus
692 1156 779 1242 apud
802 1153 978 1232 ¹Theonenr
1007 1154 1113 1239 (Aret.
1129 1155 1250 1222 Phaon.
1266 1180 1298 1244 p.
1312 1162 1398 1242 22),
1432 1181 1496 1248 qno
1518 1177 1646 1246 narrat,
1683 1169 1807 1236 oriente
1831 1173 1984 1249 Canicula

151 1291 268 1365 ortyga
294 1273 440 1362 (ipseper)
463 1272 679 1341 sacrificatum
703 1273 815 1338 inisse.
860 1271 958 1335 Hand
981 1273 1077 1338 dubie
1106 1277 1191 1339 enim
1212 1296 1277 1341 non
1302 1274 1474 1362 legendnm
1497 1277 1613 1366 c’poyo,
1642 1297 1679 1348 vt
1706 1285 1893 1376 uoluerunt,
1923 1319 1982 1382 pro

147 1393 277 1477 dosera,
299 1391 390 1479 qaod
406 1412 517 1458 omnes
540 1391 666 1455 codices
686 1388 818 1455 habent.
860 1389 1041 1476 Vtmmque
1060 1411 1138 1457 vero
1154 1390 1348 1460 vocabulum
1369 1394 1455 1460 idem
1476 1395 1638 1483 significat
1659 1403 1737 1485 (vid.
1750 1407 1836 1473 infra
1850 1409 1982 1496 Oryx.)

145 1509 229 1574 ltem
251 1507 409 1576 Aelianus
432 1507 525 1593 (Vll.
538 1508 585 1592 8.)
612 1520 739 1589 narrat,
773 1527 906 1593 orygem
935 1509 1135 1592 praesentire
1163 1508 1327 1574 caniculae
1355 1523 1460 1579 ortum
1489 1525 1522 1577 et
1548 1529 1801 1587 sternutamento
1828 1525 1981 1596 indicare.

62 1703 65 1712 y
146 1607 314 1691 Canicula
328 1645 421 1708 varo,
444 1624 552 1692 Sothis
573 1625 668 1706 dicta,
694 1627 716 1694 2
744 1623 903 1706 decuriae,
928 1622 1048 1690 scilicet
1068 1625 1191 1709 primae
1212 1629 1247 1691 in
1271 1633 1324 1708 5,
1346 1627 1530 1714 respondet.
1573 1630 1643 1698 lam
1670 1657 1748 1702 vero
1770 1661 1902 1728 orygem
1928 1646 1983 1711 rel

146 1754 300 1828 ortygem
317 1741 531 1828 antiloparnnr
550 1743 691 1827 speciem
704 1740 816 1822 fuisse,
834 1741 874 1805 ad
891 1761 971 1829 quas
985 1743 1083 1806 etiarn
1097 1739 1250 1808 hinnulus
1265 1747 1417 1828 pertinet,
1436 1745 1536 1812 claret
1552 1769 1570 1812 e
1585 1747 1656 1816 loco
1672 1753 1802 1820 Aeliani
1817 1757 1906 1842 (VII.
1921 1762 1980 1848 8.),

146 1882 212 1946 quo
233 1859 275 1923 id.
292 1857 412 1924 animal
431 1879 504 1924 cunr
527 1877 624 1945 capra
647 1856 769 1943 Libyca
786 1859 810 1923 i.
826 1878 856 1923 e.
879 1858 1037 1945 antilope,
1060 1858 1210 1941 hinnulo,
1232 1857 1359 1946 gesella
1381 1865 1546 1950 coniungit
1567 1881 1663 1952 atque
1684 1871 1819 1938 eandem
1834 1889 1981 1942 naturam

145 1980 277 2064 utrique
298 1975 428 2042 anirnali
451 1974 573 2042 tribuit.
616 1974 731 2062 Itaque
753 1997 839 2059 oryx
861 1975 1001 2061 quidam,
1025 1998 1124 2063 quum
1142 1976 1313 2064 Aegyptiis
1333 1979 1408 2045 odio
1430 1980 1528 2046 luerit
1548 1980 1687 2066 (helian.
1703 1987 1749 2052 X.
1763 1994 1848 2072 28),
1870 2015 1983 2080 quum.

144 2115 210 2180 qne
233 2097 264 2158 o*
289 2093 409 2156 diserte
433 2093 558 2158 dicetur
585 2095 619 2158 in
641 2092 809 2158 hinnulum
837 2095 997 2181 (orygem)
1027 2115 1218 2177 conuersus,
1246 2099 1284 2170 dl
1312 2095 1439 2162 inlenso
1467 2102 1627 2164 conuenit.
1669 2101 1751 2167 Puto
1783 2127 1918 2194 orygum
1947 2126 1983 2177 vt

144 2209 365 2296 antiloparnnr
382 2211 477 2274 veria
497 2209 597 2275 inisse
618 2231 751 2297 genera.
796 2209 894 2277 Certe
914 2214 984 2298 ipse
1003 2203 1159 2278 Aelianus
1180 2209 1273 2292 (XV.
1286 2217 1351 2294 14.)
1372 2213 1523 2280 discernit
1543 2237 1658 2303 oryges
1677 2219 1863 2307 simpliciter
1884 2227 1984 2293 dictos

142 2342 247 2415 ¹atque
277 2346 396 2413 oryges
419 2325 654 2412 quadricornes.
698 2325 822 2415 Negari
850 2349 929 2415 ergo
949 2333 1078 2416 nequit,
1102 2350 1235 2415 orygem
1252 2330 1348 2392 ctiam
1364 2331 1400 2398 od
1423 2331 1604 2415 symbolam
1624 2333 1743 2418 luisse,
1773 2361 1871 2427 quum
1892 2346 1927 2410 ὦ
1950 2349 1984 2412 in

145 2441 336 2527 hinnulum,
367 2447 391 2509 i.
407 2465 435 2508 e.
459 2444 654 2533 antiloparn,
686 2467 790 2532 aqua
811 2467 897 2528 oryx
921 2467 1041 2533 genere
1061 2449 1190 2533 quidem
1212 2466 1277 2510 non
1305 2443 1431 2529 differt,
1460 2462 1604 2514 mutatos
1627 2450 1750 2517 dicatur
1775 2455 1816 2520 ab
1843 2459 1984 2528 Antonio

144 2558 295 2626 Liberali
323 2559 412 2642 (Lib.
428 2559 565 2628 Memor.
581 2560 624 2627 T.
639 2562 835 2648 xxv111.).
878 2562 1002 2630 Ibidem
1029 2567 1115 2629 enirn
1144 2573 1280 2630 testatur
1308 2561 1522 2643 Nicandrns,
1545 2563 1733 2648 Apollineas
1749 2570 1887 2646 factam
1915 2598 1985 2642 esse

146 2682 345 2762 accepite-era
370 2677 407 2760 (ἴ
421 2678 490 2761 Π),
513 2676 663 2744 Mortem
685 2679 863 2765 lepidotrtsr
877 2684 1003 2762 piscans
1025 2679 1075 2760 (od
1096 2680 1168 2763 nl),
1191 2674 1338 2741 Dr'orrnsr
1351 2676 1461 2756 felem
1481 2678 1525 2762 (2
1552 2687 1584 2757 Ἀ
1610 2693 1667 2743 aut
1684 2697 1709 2758 p
1730 2685 1797 2765 ὦ),
1825 2685 1986 2756 Bacchum

144 2791 271 2860 bircam
292 2793 336 2879 (9
355 2793 425 2877 st),
451 2791 627 2864 Herculeas
647 2793 815 2858 In'nrrultmr
837 2797 884 2876 (ὦ
903 2797 973 2878 γ),
1003 2792 1182 2860 Volcanus
1205 2789 1315 2855 bouem
1336 2795 1388 2874 (Q
1405 2795 1481 2875 Q),
1503 2790 1670 2855 Lateranus
1689 2814 1809 2860 orarent
1830 2821 1987 2871 araneum

144 2908 190 2990 (ῐι
216 2911 283 2993 z).
326 2906 481 2978 Ceternm
496 2908 702 2978 hinnulorum
720 2910 806 2975 aliud
828 2929 932 2993 genus
946 2920 982 2991 2)
1001 2931 1128 2974 saonem
1146 2909 1259 2985 luisse,
1276 2907 1479 2991 cognescitur
1495 2927 1539 2970 ex
1560 2906 1701 2974 Zodiaco
1717 2911 1827 2979 Indico
1851 2915 1987 3000 (Trans-

143 3038 208 3090 act.
235 3026 273 3091 of
295 3025 351 3090 the
372 3023 411 3090 li.
431 3023 488 3089 As.
511 3024 585 3091 Soc.
602 3023 683 3092 vor:
695 3025 756 3092 111.
778 3025 814 3089 Ρ.
831 3026 859 3090 1.
882 3022 1041 3101 Tab.1.),
1065 3019 1120 3086 rbi
1140 3031 1168 3105 η
1189 3023 1344 3096 stationes
1363 3021 1494 3088 lunares
1514 3027 1555 3088 13
1579 3036 1611 3087 et
1632 3032 1673 3090 27
1696 3028 1858 3117 antilopae
1880 3041 1986 3122 specie

141 3145 389 3229 exprimantur.

235 3256 508 3342 Hippopatomur,
529 3255 757 3338 innonorouoe,
776 3259 807 3320 o*
826 3269 874 3320 est
890 3255 1080 3341 symbolum,
1102 3276 1176 3320 raro
1194 3255 1237 3342 i).
1281 3253 1383 3320 Teste
1401 3253 1572 3320 Plutarcho
1595 3257 1652 3343 (ls.
1662 3263 1764 3344 371),
1786 3263 1847 3331 hoe
1868 3273 1986 3338 sunna}

142 3371 308 3457 Typhoni
327 3372 467 3436 dicatum
490 3383 578 3450 erat,
602 3372 720 3455 quippe
741 3371 872 3460 reliquis
892 3369 1041 3438 omnibns
1062 3375 1209 3438 voracius
1232 3385 1264 3437 et
1286 3373 1426 3437 ferocius
1448 3372 1494 3454 (v.
1509 3371 1618 3458 368),
1647 3397 1710 3460 quo
1732 3380 1909 3451 innuebant
1928 3411 1987 3474 pa.

145 3487 323 3568 tricidam,
345 3487 594 3573 impudentiam,
621 3488 811 3553 iniustitiam
836 3489 1042 3571 (PhotBibl.
1061 3489 1182 3575 tots).
1227 3487 1319 3554 llaec
1339 3487 1466 3574 quidem
1488 3492 1597 3556 omnia
1617 3492 1652 3558 od
1677 3500 1799 3582 ortega,
1827 3523 1924 3585 qnam
1953 3505 1978 3584 i)

144 3605 358 3670 conueniunt.
401 3599 502 3670 Teste
520 3602 688 3672 Herodoto
711 3601 770 3689 (ΙΙ.
784 3605 864 3693 71.),
890 3606 1139 3694 hippopotamus
1159 3609 1192 3672 in
1215 3605 1285 3671 sola
1305 3609 1471 3691 prouincia
1490 3607 1638 3694 Papremi
1660 3610 1835 3678 colebatur.
1878 3617 1988 3701 „Hip-

142 3723 356 3808 popotami,“
376 3722 492 3807 inquit,
516 3722 626 3802 „sacri
647 3734 722 3786 sunt
745 3724 779 3786 in
800 3743 896 3788 nomo
918 3725 1078 3812 Papremi,
1099 3745 1162 3789 non
1184 3745 1263 3788 vero
1284 3726 1317 3787 in
1341 3723 1414 3790 aliis
1435 3723 1576 3808 Aegypti
1594 3722 1778 3809 partibus.“
1820 3729 1987 3816 Papremis

144 3845 424 3944 (na-n·me
442 3835 652 3921 Andropolis)
676 3851 784 3903 antem
807 3845 839 3907 δ’
864 3842 993 3907 decuria
1015 3856 1065 3908 est
1082 3843 1115 3907 in
1135 3850 1186 3917 111.
1229 3838 1314 3906 Hinc
1336 3839 1521 3906 Herodotus
1540 3839 1599 3926 (ΙΙ.
1615 3843 1682 3924 59.)
1698 3856 1819 3923 narrat,
1836 3846 1990 3930 Papremi

142 3963 330 4045 metauris
343 3955 474 4034 fertura
494 3961 573 4040 agi,
599 3953 729 4020 Mortis
750 3955 817 4044 (od)
839 3964 874 4024 ia
893 3957 1057 4025 bonorem.
1100 3958 1224 4024 Eadem
1251 3959 1285 4023 in
1313 3958 1481 4042 prouincia
1502 3955 1692 4022 habitabant
1715 3959 1833 4026 milites
1855 3965 1886 4027 d·
1910 3983 1987 4026 con-

145 4079 272 4150 secrati
294 4071 521 4158 Hermotybies
544 4069 948 4177 (Ep-MOY·†·0YBE,
974 4081 1134 4143 occisores
1161 4071 1337 4158 hostium),
1368 4083 1450 4137 teste
1475 4072 1644 4141 Herodoto
1669 4075 1726 4156 (11.
1743 4076 1842 4162 tta).
1886 4078 1986 4144 Porro

147 4215 224 4260 ossa
244 4194 473 4280 hippopotami
492 4213 564 4258 oum
586 4190 672 4256 ferro
695 4193 1203 4281 comparantnrtlob.XL.13.),
1225 4205 1259 4258 et
1280 4194 1352 4278 ipse
1366 4187 1534 4276 Typhonis
1555 4190 1620 4276 (θ’)
1641 4211 1716 4255 ossa
1735 4191 1855 4258 serrum
1878 4193 1988 4260 dicun·

150 4325 204 4374 tnr
226 4309 331 4399 (Plut.
348 4308 392 4376 Is.
409 4313 511 4390 3760,
533 4309 617 4394 quod
640 4311 667 4385 ὅ
689 4321 740 4372 est
761 4312 938 4378 metallum.
981 4311 1109 4379 Deinde
1130 4324 1239 4377 namet
1253 4307 1438 4375 Herodotus
1460 4307 1518 4393 (11.
1534 4310 1613 4384 Th),
1634 4309 1844 4374 instrumenta
1863 4316 1894 4376 o*
1918 4312 1989 4398 hip-

156 4441 364 4510 popotamnm
386 4426 610 4512 suppeditare,
638 4425 760 4492 scilicet
783 4427 895 4495 hostes
924 4451 969 4495 ex
996 4428 1083 4517 pelle
1109 4428 1293 4496 fabricatas.
1336 4424 1449 4510 ltaque
1476 4423 1725 4506 hippopotamus
1750 4425 1929 4510 symbolum
1952 4430 1987 4496 ὦ

159 4554 232 4619 est,
252 4541 409 4627 signifieat
430 4565 509 4608 vero
531 4543 630 4606 eliam
652 4545 688 4624 ij,
713 4559 799 4610 certe
821 4567 1060 4634 nonnunquam.
1104 4544 1204 4612 Teste
1226 4539 1367 4609 Eusebio
1385 4541 1434 4624 (Ρ.
1449 4536 1564 4602 a.111.
1581 4541 1660 4623 ta),
1682 4541 1900 4630 Apollinopoli
1924 4565 1991 4612 001.

160 4654 300 4721 nebatur
326 4662 434 4746 imago
453 4659 539 4724 Hori
569 4657 661 4724 vultu
688 4665 847 4749 accipitris
871 4668 1024 4754 insignis,
1056 4668 1110 4751 qui
1133 4661 1344 4748 Typhonem,
1376 4655 1596 4740 hippopotami
1617 4661 1724 4742 specie
1746 4662 1990 4743 conformatum,

160 4769 269 4836 iaculo
289 4773 462 4862 subigeret.
505 4775 695 4861 Hermopoli
720 4799 799 4844 vero
822 4781 922 4868 (Plus.
937 4784 980 4848 ls.
995 4806 1028 4868 p.
1043 4787 1132 4858 371.)
1157 4774 1386 4843 ostendebatur
1406 4771 1574 4858 Typhonis
1596 4775 1812 4857 simulacrum,
1837 4779 1993 4864 hippopo-

163 4901 288 4971 tamus,
305 4895 357 4959 cui
380 4895 529 4980 accipiter
547 4890 737 4969 insistebat,
762 4917 911 4980 pugnans
931 4919 1003 4962 oum
1024 4907 1184 4980 serpente.
1227 4889 1394 4956 Habemus
1415 4909 1494 4977 ergo
1521 4891 1545 4976 i)
1578 4907 1609 4956 et
1630 4892 1813 4978 planetam,
1836 4908 1870 4958 et
1894 4895 2000 4961 domi-⁸

160 5027 244 5073 num
272 5015 320 5093 z,
340 5009 561 5097 hippopotami
583 5011 700 5097 speeie·
739 5009 1002 5097 Hippopotrunus
1024 5014 1121 5093 enim,
1146 5029 1241 5096 quem
1262 5007 1390 5090 Homs,
1412 5009 1483 5074 sine
1506 5017 1542 5086 Q
1567 5031 1586 5072 e
1607 5007 1745 5074 solstitio
1765 5009 1898 5078 hiberno
1920 5033 1994 5098 pro·

159 5122 295 5205 cedens,
316 5127 489 5210 interimit,
521 5142 571 5194 est
592 5129 696 5214 lrigus
716 5123 904 5204 hibemurn‚
935 5130 960 5213 t)
988 5130 1166 5214 preprium.
1208 5127 1319 5194 Altera
1340 5127 1548 5212 inscriptione
1567 5125 1832 5212 hippopotamos,
1868 5131 1918 5192 cni
1943 5129 1994 5189 in·

160 5241 247 5308 sidet
272 5244 424 5330 accipiter
444 5245 578 5328 (Herus,
601 5250 637 5324 Q
656 5249 690 5311 in
717 5247 782 5330 ἦ),
804 5241 965 5330 significat
987 5246 1116 5311 domum
1136 5247 1173 5328 15,
1188 5251 1248 5328 ἦ,
1271 5265 1334 5331 qna
1355 5252 1391 5322 Q
1413 5241 1660 5407 adlwssufm
1680 5266 1751 5310 cum
1773 5245 1904 5327 frigore,
1930 5239 1997 5342 vel·
