4882 6098
1163 492 1528 580 ...274-

523 696 639 784 ltaque
661 691 896 764 eoncedendum
918 703 987 772 est,
1013 689 1115 775 Signa
1136 685 1269 755 Zodisci
1289 690 1323 752 in
1345 685 1528 754 Monolitlro
1558 701 1668 752 nostm
1699 681 1874 751 secundum
1896 679 2047 747 'l'rientes
2074 700 2133 746 ssu
2156 680 2271 744 dauni

439 825 646 902 tempestates
666 812 862 895 conscriptas
882 827 974 892 esse,
1001 803 1078 872 lieet
1100 804 1213 872 ordine
1233 803 1368 893 paulurn
1389 806 1579 893 interrupto.
1623 801 1777 870 'l'rientss
1798 802 1886 868 enim
1906 798 1988 866 lruec
2009 797 2156 884 deinceps
2178 797 2273 882 signa

438 931 616 996 continent:

987 1037 1014 1106 1.
1034 1041 1069 1108 Δ
1247 1035 1293 1102 ll.
1316 1039 1351 1106 Δ
1512 1035 1573 1104 ΠΙ.
1595 1037 1630 1107 Δ
1783 1033 1845 1102 lv.
1866 1037 1901 1104 Δ

777 1155 847 1222 vu
946 1160 981 1232 κ
1007 1153 1125 1238 (αι.)
1211 1151 1395 1237 mor.)
1485 1151 1664 1238 utcu>
1750 1151 1937 1236 noc>

777 1257 897 1324 Aestas
942 1263 982 1336 ffi
1005 1255 1059 1342 (Β.
1074 1255 1123 1339 2)
1211 1253 1394 1344 Q(D.2.)
1483 1265 1523 1336 up
1546 1254 1602 1340 (Α.
1617 1254 1665 1338 2.)
1750 1265 1793 1322 A
1817 1251 1936 1337 (co.)

774 1358 890 1424 Hiems
950 1365 984 1434 til
1012 1355 1065 1442 (B.
1080 1360 1128 1440 3.)
1220 1355 1336 1439 ΜΒ.
1350 1356 1398 1439 3.)
1489 1353 1667 1441 ΗΜ.)
1751 1371 1796 1422 ια
1818 1351 1873 1438 (C.
1890 1355 1938 1439 3.)

520 1513 693 1580 Praeterea
714 1508 835 1578 clarum
853 1523 920 1592 est,
953 1511 1049 1596 signo
1068 1505 1200 1574 zodiaci
1228 1509 1327 1572 etiam
1355 1506 1529 1572 secundum
1550 1504 1696 1593 Trigonn
1716 1501 1757 1570 ab
1780 1517 1964 1572 aatmnorno
1985 1500 2146 1588 Aegyptio
2166 1497 2273 1585 dispo-

438 1632 502 1696 sita
520 1627 638 1708 lilim,
669 1630 815 1708 emptio
836 1625 939 1688 tribua
956 1628 1070 1704 nigrrin⁴
1111 1625 1216 1682 Latus
1236 1623 1267 1680 D
1292 1627 1378 1680 onitas
1399 1626 1544 1681 eontinet
1565 1621 1744 1700 Trigonum
1768 1626 1846 1698 ΥΩ
1867 1631 1898 1690 2
1946 1619 1985 1682 ln
2012 1616 2144 1696 reliqnifl
2162 1615 2270 1679 lateri.

437 1743 517 1826 bus,
547 1755 633 1806 certe
654 1738 732 1806 bina
752 1721 846 1826 aigun
865 1739 972 1823 posita
992 1748 1066 1798 aunt
1087 1733 1128 1797 ad
1150 1731 1235 1797 idem
1257 1730 1453 1818 triangulum
1480 1731 1686 1818 pertinentis.
1729 1725 1858 1792 Scilicet
1878 1749 1975 1815 quum
1997 1726 2168 1814 adspectus
2187 1736 2218 1804 Δ
2238 1742 2271 1794 et

438 1865 476 1940 Π
496 1857 680 1946 grauissimi
701 1856 855 1924 momenti
875 1852 1027 1916 fueritin
1049 1850 1244 1916 astronomia
1261 1847 1480 1936 Aegyptiam
1510 1867 1671 1936 quumque
1693 1847 1728 1910 iu
1749 1842 1917 1928 omnibns,
1939 1865 2020 1932 quas
2043 1845 2202 1925 vidimus,
2224 1847 2272 1910 in-

438 1973 664 2062 scriptionibus
693 1971 914 2037 astronomicis
940 1968 1024 2034 ratio
1044 1970 1079 2036 Δ
1102 1980 1136 2032 et
1162 1971 1200 2050 Π
1227 1965 1340 2031 lrebita
1365 1965 1479 2030 luerit:
1514 1965 1711 2052 opns'erot,
1752 1976 1786 2028 et
1810 1977 1920 2029 nostra
1945 1964 1982 2028 in
2010 1959 2122 2028 tabula
2143 1962 2272 2028 Zodisd

439 2091 541 2178 signa
568 2087 744 2156 secundum
768 2085 916 2174 Trigona
942 2100 976 2151 ct
1001 2083 1190 2170 Tetrsgnna
1218 2105 1346 2170 quoque
1381 2101 1584 2168 componere.
1632 2081 1719 2146 Hinc
1755 2079 1884 2167 quidem
1914 2080 1993 2144 ordo
2023 2077 2274 2166 'triangulorum

439 2207 561 2291 passim
582 2203 730 2269 turbatus
751 2216 811 2268 eet.
858 2202 939 2268 Rern
959 2204 1007 2267 ita
1027 2222 1063 2266 ee
1084 2198 1205 2266 habere
1225 2199 1394 2286 sequeutia
1422 2199 1547 2264 docent.
1589 2196 1751 2266 Nimirum
1771 2211 1807 2263 rt
1833 2209 2021 2285 appareret,
2051 2197 2107 2284 qui
2126 2196 2275 2282 planetas

440 2323 506 2386 sint
525 2321 559 2384 iu
578 2323 614 2389 Δ
635 2334 691 2386 aut
709 2323 748 2403 []
768 2321 932 2407 adspectu,
954 2319 1074 2404 passim
1093 2318 1128 2381 in
1150 2317 1246 2382 certis
1264 2315 1374 2403 Signis
1393 2314 1489 2381 alieni
1510 2336 1636 2402 quoque
1657 2314 1901 2402 Oecodespotes
1921 2305 2000 2378 curu'
2012 2311 2152 2400 planeda
2176 2311 2275 2378 collo·

441 2439 507 2503 eati
530 2448 713 2502 cernuntur.
757 2433 831 2511 Qua
849 2439 883 2500 in
904 2457 940 2501 re
960 2446 1163 2499 asuouomua
1184 2433 1365 2520 Aegyptius
1389 2434 1438 2497 ita
1460 2446 1609 2500 vomatur
1633 2445 1700 2513 est,
1728 2446 1766 2497 vt
1784 2431 1930 2520 legitima
1948 2433 1983 2495 in
2011 2429 2149 2518 singulis
2169 2429 2274 2518 Signia

440 2555 587 2630 numina,
608 2554 810 2639 potissimum
834 2551 1075 2637 Oecndespotas
1097 2565 1130 2616 ct
1150 2549 1468 2639 Trigonodsspotas,
1500 2547 1621 2616 sifiori
1642 2537 1769 2634 posset,
1793 2549 1826 2612 in
1847 2537 2011 2614 auxilium
2026 2559 2169 2614 vocaret.
2212 2547 2273 2614 Ac·

440 2669 532 2750 cidit,
564 2681 600 2733 vt
627 2671 724 2733 certis
755 2667 988 2753 Oecodespotia
1016 2677 1072 2732 aut
1103 2667 1391 2754 Trigonodespotis
1419 2667 1507 2735 aliud
1536 2681 1775 2746 ornamentum,
1812 2675 1869 2733 aut
1896 2685 2029 2748 nomen,
2059 2679 2118 2730 snt
2149 2645 2275 2732 lrabitns

438 2785 590 2865 addatur,
614 2807 676 2874 quo
699 2785 787 2850 lacto
807 2786 963 2850 eiusmodi
989 2805 1148 2871 pemonae
1172 2783 1253 2851 duos
1275 2786 1519 2873 Oeoodespotns
1546 2781 1655 2850 valent
1681 2785 1838 2849 diuersos.
1880 2779 2014 2870 Saepius
2043 2803 2122 2847 rsro
2145 2783 2276 2846 diuersa

436 2903 539 2988 Signa
560 2899 631 2966 solo
654 2904 819 2967 numinum
839 2899 1063 2990 principalium
1084 2901 1196 2967 ordine
1218 2902 1372 2967 mutando
1394 2905 1638 2990 exprimuntur,
1660 2904 1707 2969 ito
1734 2914 1772 2967 vt
1799 2899 2078 2987 Trigonodespotn
2099 2898 2274 2966 tecuudurn

440 3015 577 3082 slteruur
598 3015 741 3082 ordinem
763 3018 869 3083 rsleat
890 3014 1165 3103 Oscodespotam,
1190 3039 1288 3104 quum
1306 3017 1363 3084 illa
1386 3015 1462 3086 huic
1485 3021 1684 3113 praemissus
1708 3031 1772 3098 est,
1794 3015 1877 3104 quod
1901 3028 2015 3082 contra
2037 3013 2181 3080 ordinem
2198 3012 2274 3080 reli·

441 3155 576 3222 quorum
596 3131 731 3199 obtinet.

523 3249 633 3316 l’riruo
660 3249 788 3340 quidem
814 3247 891 3315 Lat.
905 3248 967 3330 A„
997 3269 1095 3335 quum
1125 3246 1187 3313 soli
1210 3247 1455 3336 Oecodespotse
1485 3271 1557 3314 curn
1581 3245 1873 3337 'l'rigonodespotis
1899 3270 2003 3336 nuqua
2035 3247 2121 3316 ullus
2148 3247 2276 3336 planeta

439 3366 655 3444 contineatur,
676 3364 886 3441 detumeat,
918 3386 982 3430 non
1006 3385 1086 3450 opus
1108 3363 1227 3443 ῐιιίιιιι,
1245 3363 1337 3442 ¹haec
1361 3363 1461 3453 Signa
1484 3367 1597 3433 ordina
1621 3363 1792 3453 Trigonali
1813 3387 2017 3454 componere.
2058 3364 2160 3449 ltenr,
2183 3387 2276 3456 quum

438 3481 567 3548 Lacu.
588 3483 682 3570 signa
702 3491 786 3572 γει
810 3489 840 3558 ss
868 3477 909 3545 ab
925 3481 1016 3545 initio
1036 3479 1211 3547 secundum
1226 3477 1372 3570 Trigona
1389 3485 1566 3570 composita
1586 3486 1666 3565 sint;
1687 3484 1843 3571 coquitur,
1866 3481 1989 3545 sinoni
2008 3483 2041 3548 in
2062 3505 2103 3550 eo
2119 3483 2277 3549 Oecodes·

438 3609 536 3682 potsa
560 3597 661 3662 additi
682 3599 765 3681 siut,
796 3617 852 3662 eoa
874 3593 1134 3683 'l'etrngouorum
1161 3619 1275 3664 canusa
1303 3601 1447 3686 ingestos
1469 3622 1556 3682 esse,
1586 3599 1711 3688 dequo
1733 3599 1829 3666 infru.
1881 3595 1974 3672 Quod
1998 3597 2073 3666 Lat.
2089 3599 2128 3666 B.
2152 3603 2276 3681 attinet,

441 3731 595 3778 sanenou
617 3711 721 3778 solum
733 3712 834 3800 Signo
860 3719 892 3794 8
917 3718 957 3792 5
981 3727 1013 3779 et
1033 3725 1082 3797 nl,
1105 3713 1291 3798 sedetiam,
1316 3739 1413 3804 quum
1437 3713 1491 3781 alii
1512 3716 1663 3804 planetae
1684 3738 1743 3804 par
1762 3725 1793 3790 Δ
1814 3735 1888 3780 sene
1909 3715 2048 3780 inuicem
2069 3717 2277 3803 adspicientes

443 3849 616 3918 eorumque
637 3827 700 3894 loci
724 3827 901 3894 accuratius
929 3831 1089 3897 indicandi
1111 3846 1238 3916 assant,
1267 3833 1409 3919 mcum
1435 3833 1501 3921 ii),
1531 3845 1570 3916 nv
1597 3835 1684 3921 (cum
1710 3837 1758 3918 ῼ)
1781 3841 1814 3896 et
1835 3835 1864 3909 3(
1887 3833 1976 3916 (curu
1999 3835 2046 3920 ip)
2068 3837 2276 3899 continentur.

443 3943 552 4022 Quum
575 3949 660 4012 enisu
681 3943 720 4008 Β.
738 3949 811 4009 3.ιι.
831 3943 991 4033 significet
1017 3957 1051 4026 nl
1079 3961 1175 4036 atqua
1197 3949 1308 4015 eadem
1328 3951 1362 4015 in
1385 3949 1472 4015 linea
1494 3965 1650 4037 appareat
1675 3953 1698 4038 Β
1727 3937 1889 4020 damnum
1909 3947 2156 4037 lbioceplralus,
2178 3949 2279 4016 Oeco-

445 4061 580 4149 despota
609 4084 682 4129 onrn
709 4073 835 4148 sceptro
865 4076 899 4126 et
920 4085 1013 4129 cruce
1046 4079 1177 4143 ansata;
1207 4065 1328 4132 clarum
1351 4081 1420 4152 eat,
1443 4063 1531 4133 hunc
1555 4067 1735 4134 Eemnnuur
1763 4068 1785 4147 Β
1813 4067 2026 4156 praecedente
2046 4065 2078 4130 c*
2100 4065 2285 4152 significare

444 4183 485 4258 ψ
509 4197 581 4243 oum
605 4183 637 4246 δ’
659 4177 950 4268 'l'rigonodespotn
994 4179 1103 4258 Quum
1130 4204 1209 4249 raro
1231 4179 1269 4256 Β.
1283 4189 1313 4251 1.
1335 4187 1379 4251 sit
1403 4191 1435 4266 8
1465 4198 1561 4272 atqua
1590 4185 1631 4250 ad
1657 4193 1690 4266 Β
1718 4181 1901 4272 Trigonum
1929 4160 2089 4271 pertinent
2112 4189 2170 4260 tm
2198 4184 2284 4246 satis

443 4291 650 4381 intelligitur,
672 4317 729 4362 cnr
747 4295 787 4362 B.
803 4297 834 4361 3.
855 4319 920 4364 non
935 4295 1039 4363 solum
1065 4306 1116 4381 nl,
1141 4299 1198 4404 sed
1221 4303 1318 4368 etiam
1339 4302 1476 4390 Signum
1495 4311 1549 4385 ΙΨ,
1571 4303 1690 4389 quippe
1708 4299 1803 4384 nd&
1828 4297 2007 4389 Trigonum
2027 4297 2205 4385 pertinens,
2230 4299 2285 4363 in·

447 4407 584 4478 dinamio
602 4413 645 4478 sit
665 4434 724 4499 psr
749 4412 1006 4501 Oscodaspotaru
1028 4411 1082 4495 (ll.
1097 4417 1194 4499 Aa).
2250 4396 2260 4409 ⁶

530 4526 631 4593 Porro
651 4551 749 4619 quoru
767 4529 805 4597 Β.
819 4537 851 4598 3.
870 4552 901 4597 n.
919 4529 1080 4619 significet
1100 4538 1151 4615 nl,
1173 4553 1334 4622 quumque
1354 4536 1394 4600 sd
1419 4543 1454 4612 ιη
1480 4531 1660 4622 Trigonum
1682 4536 1846 4621 pertineat
1866 4537 1903 4610 Χ
1926 4533 2076 4618 Signum
2098 4531 2167 4596 iarn
2189 4530 2285 4598 intel-

447 4637 577 4728 ligitur,
599 4663 655 4706 cnr
674 4651 702 4709 Ἀ
723 4643 949 4735 Oecodespots
967 4648 1072 4715 Osiris
1092 4650 1217 4734 positus
1236 4652 1279 4715 sit
1303 4649 1343 4716 Β.
1357 4659 1388 4716 2.
1403 4669 1433 4717 n.
1455 4668 1528 4716 oum
1549 4650 1833 4738 Trigonodsspota
1852 4671 1911 4715 suo
1933 4653 1957 4736 2
1979 4646 2020 4712 Β.
2037 4653 2071 4712 2.
2084 4647 2126 4711 d.·

533 4755 683 4856 Denique
709 4782 807 4847 quum
826 4761 866 4828 B.
884 4770 915 4830 t.
929 4788 959 4831 s.
984 4773 1016 4848 Β
1043 4764 1225 4852 significet,
1248 4789 1409 4855 quumque
1431 4767 1472 4832 ad
1494 4775 1529 4847 ὅ
1549 4763 1731 4855 'l'rigunuur
1757 4770 1916 4856 pern'ueat
1945 4771 1995 4846 ἧς
2025 4777 2060 4830 et
2082 4762 2145 4828 hoc
2164 4763 2292 4830 intelli-

449 4873 545 4957 gitur,
567 4895 625 4940 cnr
645 4871 685 4942 Β.
704 4875 776 4943 ab.
796 4881 920 4965 positus
938 4879 1030 4952 siti)
1056 4880 1281 4970 Oecodespots
1301 4903 1375 4951 enm
1397 4888 1428 4951 o*
1448 4873 1728 4974 'l'rigonodesp'ota
1749 4882 1788 4952 Β.
1806 4891 1837 4952 3.
1853 4906 1883 4951 ιι.
1926 4879 2079 4969 Alioquin
2102 4877 2145 4959 ῐι,
2167 4883 2292 4970 quippe
2425 4947 2426 4954 ,

450 5009 553 5054 nane
575 4993 609 5055 in
631 5003 795 5082 musque
818 4998 852 5061 iu
874 5004 914 5079 ιφ
939 4997 1165 5086 Oecodespota
1186 5013 1244 5065 aut
1267 4997 1550 5090 'l'rigonodespots
1579 5023 1838 5091 superuacaneus
1862 5015 1967 5094 esset..
2003 4998 2071 5063 loru
2092 4995 2201 5079 vides,
2230 5021 2290 5064 cur

448 5105 563 5172 iisdem
582 5109 617 5172 in
639 5101 748 5194 Signis
769 5109 877 5199 plures
901 5116 965 5182 sint
989 5113 1235 5205 Occodespotao
1256 5131 1290 5184 et
1309 5117 1628 5207 Trigonodespotas,
1650 5123 1769 5208 quiippe
1790 5117 1994 5207 planetarum
2020 5115 2145 5185 ratione
2165 5115 2200 5182 Δ
2222 5115 2288 5179 dis·
2425 5165 2426 5186 .

449 5227 627 5310 positorum
647 5227 763 5314 gratia.
