4904 6100
919 532 1286 615 '—-llil-—

176 731 303 796 domiua
322 745 378 792 aaa.
425 723 561 790 Deinde
589 719 745 788 Aelianus
774 717 850 805 (111.
867 727 921 787 42.
943 735 974 787 et
990 724 1034 791 V.
1053 731 1119 808 at.)
1147 723 1264 806 tradit,
1304 747 1376 790 eum
1399 729 1514 812 pennis
1544 728 1672 822 quidem
1693 731 1858 816 pulcrum,
1889 751 2020 818 corporo

175 865 250 909 vero
274 843 583 922 deformas-esse,
599 851 697 924 atque
726 849 941 905 ostentantem
968 855 1001 906 et
1022 841 1216 929 superbum,
1254 842 1386 928 qaaeti
1419 857 1494 908 sunt
1516 849 1740 931 proprietates.
1784 849 1893 914 Etiam
1914 847 2024 917 fabula

115 1010 120 1020 .
153 955 296 1028 'Aeliani
318 958 396 1045 (xt.
415 957 490 1040 33.)
515 957 557 1022 ad
584 965 768 1041 aspectat.
812 952 938 1022 'l'amen
964 957 1204 1045 ille-pauonem
1230 957 1304 1024 Ioui
1326 979 1453 1028 sacrum
1481 962 1557 1027 dicit
1586 961 1624 1044 (l.
1640 963 1695 1050 a).
1740 962 1836 1041 Quod
1865 967 2023 1052 quomodo

172 1101 238 1144 cum
256 1074 488 1164 superioribus
507 1073 692 1139 concinnari
711 1074 826 1158 possit,
848 1094 913 1138 non
936 1075 1043 1142 video.

255 1196 465 1275 Pelccursss,
488 1195 639 1266 πιλειαν,
665 1209 770 1279 gaiu,
791 1209 930 1283 awa,
963 1193 985 1272 t!
1014 1192 1068 1257 vel
1089 1196 1197 1279 potius
1224 1201 1248 1275 ῼ
1277 1191 1447 1279 designare
1475 1196 1614 1260 videtur.
1658 1195 1861 1262 Adscribitnr
1883 1199 1913 1261 ei
1937 1200 2022 1262 enim

108 1375 110 1380 ,
178 1307 314 1378 summus
336 1333 433 1412 ampr
454 1314 488 1376 in
507 1317 672 1395 parantes,
693 1317 730 1372 vt
751 1305 884 1394 reliquis
906 1309 930 1390 ἕ
952 1309 1078 1393 auibus,
1098 1331 1202 1397 nequo
1223 1331 1302 1376 vero
1321 1311 1493 1396 prudentia
1508 1312 1647 1400 (Horap.
1662 1313 1689 1380 l.
1705 1320 1758 1380 54.
1777 1313 1849 1382 Aet.
1864 1313 1925 1400 111.
1941 1317 2018 1396 23.)

176 1449 253 1515 qnae
281 1421 308 1506 l?
338 1423 453 1514 potiori
475 1426 665 1510 denegatur.
1209 1472 1211 1480 .

259 1547 411 1632 l'erdix,
434 1544 560 1625 περδιξ,
579 1543 603 1614 ’ἡ
624 1553 657 1604 et
679 1547 707 1622 ᾖ
732 1539 915 1626 significare
937 1542 1077 1642 videtur.
1119 1543 1275 1610 Aelianus
1296 1547 1381 1610 enim
1405 1545 1467 1630 (X.
1484 1549 1551 1633 35.)
1572 1547 1690 1612 Iouem·
1709 1547 1781 1634 (2))
1803 1563 1836 1614 et
1855 1551 2015 1616 Latonam

177 1664 230 1745 (ἦ)
259 1662 325 1726 bac
354 1681 417 1724 aue
438 1656 586 1720 delectari
611 1655 702 1720 dicit.-
743 1654 833 1722 Idem
858 1657 984 1744 (XVII.
1001 1660 1069 1744 15.)
1092 1675 1220 1745 narrat,
1252 1683 1420 1728 numerum
1449 1677 1616 1750 septenum
1637 1665 1759 1750 perdici
1781 1687 1909 1731 sacrum
1932 1688 2013 1733 asse.

179 1777 355 1864 Significat
376 1787 480 1840 autam
503 1780 579 1847 icet
600 1774 772 1858 septimum
794 1773 977 1858 planetam,
999 1789 1033 1841 et
1056 1781 1226 1864 septimam
1247 1779 1437 1866 sphaeram,
1466 1794 1499 1844 et
1520 1783 1692 1866 septimum
1713 1804 1815 1869 genus
1836 1782 2012 1864 bominum,
2062 1793 2069 1810 “

185 1907 220 1958 et
243 1889 408 1979 soptimnrb
428 1891 522 1965 diem,
546 1899 579 1952 et
598 1890 770 1973 septimum
795 1895 908 1958 sinum
933 1895 1089 1976 musicas,
1114 1909 1146 1959 et
1167 1897 1338 1984 septimum
1359 1895 1504 1962 vocalem
1527 1899 1658 1982 eiusque
1679 1901 1807 1984 generis
1829 1901 1903 1966 alia.
1947 1900 2012 1966 Ce-

187 2023 294 2074 terum
314 2011 424 2094 perdix
446 2009 574 2094 saepias
595 2005 799 2116 confunditur
823 2031 896 2074 cnm
917 2003 1096 2092 coturnice,
1122 2009 1149 2078 b
1175 2032 1279 2077 sacra.
1323 2011 1409 2078 ilino
1428 2011 1608 2100 Horapollo
1629 2016 1861 2114 paederastiam
1884 2040 2010 2104 quoquo

186 2125 305 2210 perdici
326 2126 469 2192 adscribit
491 2123 647 2211 (11.at.),
669 2145 772 2210 quum,
790 2124 952 2212 quaelibet
975 2128 1140 2192 sorditudo
1167 2125 1193 2192 b
1218 2129 1398 2194 conueniat.

268 2239 432 2320 Pioe'asic,
465 2245 584 2328 φοιιιξ,
616 2247 653 2317 Θ
681 2253 714 2304 et
738 2248 773 2320 2)
795 2241 979 2328 significare
1010 2241 1148 2311 videt'nr.
1192 2243 1293 2310 'leste
1313 2245 1481 2311 Herodoto
1504 2245 1561 2330 (ll.
1579 2245 1659 2330 73),
1682 2246 1810 2334 aquilae
1831 2247 2011 2314 simillimas

92 2447 97 2456 Ι
186 2374 273 2444 erat,
302 2364 451 2449 quum&
477 2371 512 2422 et
537 2365 572 2442 tt
602 2378 726 2422 sacram
754 2358 855 2424 fuisse
876 2360 1024 2428 vidimus.
1067 2363 1197 2428 Dicitur
1225 2366 1322 2428 etiam
1349 2363 1496 2451 phoenix
1516 2361 1681 2450 Heliopoli
1706 2379 1833 2450 patrem
1861 2363 2010 2452 sepelire,

183 2499 266 2565 quae
286 2483 324 2564 Θ
344 2493 391 2544 est
410 2479 535 2557 ciuitas,
561 2475 736 2560 eodemque
758 2479 880 2542 reuerti
894 2485 977 2564 'post
998 2483 1061 2546 500
1084 2501 1185 2546 annos
1209 2482 1344 2545 circiter.
1387 2479 1450 2544 Hic
1471 2491 1579 2542 antem
1601 2500 1754 2545 numerus
1775 2495 1899 2567 spectat
1920 2481 2008 2548 baad

180 2594 273 2662 dabie
293 2597 383 2675 adit
412 2594 595 2681 planetam,
627 2594 681 2682 qui
702 2605 778 2678 post
807 2596 870 2660 500
893 2615 994 2662 annos
1020 2599 1145 2660 circiter
1173 2598 1289 2660 iterum
1318 2616 1390 2661 cum
1411 2599 1447 2672 Θ
1470 2597 1657 2659 coniunctus
1679 2596 1792 2660 eodem
1809 2562 2004 2663 dimetitur.

175 2712 258 2779 Hinc
277 2711 457 2800 Horapollo
479 2709 522 2794 (Ι.
539 2707 623 2790 34.);
647 2689 820 2795 Pto'esr'ss,
843 2714 965 2799 inquit,
989 2711 1163 2796 systolen·
1185 2708 1274 2776 Salis
1297 2721 1358 2776 esi.
1400 2710 1533 2777 Accedit
1553 2711 1637 2796 qnod
1659 2709 1792 2794 palma,
1813 2733 1897 2796 quae
1918 2722 2005 2793 2t·et

176 2833 209 2908 Θ
230 2844 277 2895 eat
300 2827 479 2915 symbolum
500 2828 548 2910 (v.
566 2825 676 2906 inira),
697 2829 769 2913 ipsa
793 2830 891 2894 stiam
911 2830 1012 2916 poesi
1031 2841 1175 2930 vocptnr.
1369 2888 1375 2898 .

252 2947 364 3030 Pictas,
385 2949 633 3030 dpcosotampc,
652 2943 682 3024 1(
680 2944 807 3030 Pisas),
822 2946 865 3032 ,ὦ
888 2943 1079 3030 symbolum.
1122 2941 1277 3010 Aelianus
1299 2943 1420 3027 (lma.)
1442 2943 1514 3029 pico
1534 2940 1685 3008 adscribit
1709 2917 1739 3006 ti*
1764 2944 1911 3026 virtutes,
1932 2967 2002 3010 mo.

174 3063 427 3130 aedificationem
443 3060 488 3148 ll.
502 3061 531 3136 ς.
546 3065 601 3126 49.
616 3083 649 3145 p.
662 3059 743 3146 aa).
785 3059 865 3127 Eius
890 3061 1082 3154 cognomina
1112 3071 1187 3124 sunt
1214 3057 1374 3144 ιῦθαρσης
1395 3085 1455 3160 ιιιιι1
1473 3080 1607 3146 respon
1637 3059 1752 3124 dicitur
1778 3057 1864 3126 filios
1887 3061 2002 3127 Martis

172 3183 345 3246 nutricias·
367 3191 463 3265 atque
481 3181 517 3242 in
536 3175 610 3244 lneo
632 3177 747 3249 Martis
768 3181 961 3245 vaticinatus
983 3197 1054 3241 osse
1078 3175 1216 3262 (Kreas.
1232 3175 1319 3278 Sym.
1335 3175 1395 3274 Iis.
1407 3181 1484 3250 427.
1500 3176 1558 3259 aa.)
1569 3189 1589 3257 ,·
1602 3197 1686 3261 qnae
1707 3179 1827 3260 omnia⁴
1838 3178 1873 3245 ὦ
1891 3177 2000 3244 claris-

169 3317 265 3360 nme
279 3297 460 3380 designant.
501 3295 606 3358 Etiam
624 3317 770 3382 quercus,
794 3318 859 3384 qua
881 3295 995 3360 nidum
1011 3292 1103 3377 picus
1125 3305 1277 3377 exoanet,
1305 3294 1335 3356 ol'
1359 3305 1408 3358 est
1430 3314 1531 3376 sacra,
1555 3280 1673 3379 qnippe
1692 3293 1774 3362 ilex.

253 3405 482 3486 scarabaeus,
506 3416 671 3496 saadupcf,
694 3385 892 3508 mmo,
914 3411 1039 3500 baffi,
1069 3407 1195 3500 Udi&
1219 3416 1294 3504 (trs.
1314 3413 1364 3509 Ρ.)
1386 3393 1530 3476 maxilua
1556 3417 1584 3488 a
1608 3407 1777 3496 significat.
1819 3411 2000 3499 Horapollo

161 3531 318 3617 (t.to.):
362 3526 423 3591 Vbi
443 3524 666 3622 scarabaeus,
687 3532 808 3615 inq'ait,
838 3526 977 3594 sobolem
997 3548 1184 3614 procreare
1202 3529 1295 3612 oali,
1327 3526 1418 3595 dosis
1428 3528 1545 3607 fimaar
1569 3537 1687 3594 nactas
1705 3525 1872 3611 globulum
1892 3548 1939 3592 ea
1960 3549 1998 3592 ec

170 3646 315 3713 dudem
339 3663 408 3706 caat
428 3643 543 3708 aaran
559 3642 702 3728 figurae
719 3643 840 3729 fingit.
885 3643 984 3719 Queat
1009 3645 1066 3710 odi
1089 3645 1129 3709 ad
1151 3655 1226 3710 orta
1251 3616 1291 3710 s'o¹
1309 3667 1465 3734 ,occursat
1492 3646 1643 3710 aduersis
1652 3643 1799 3736 pettam
1825 3645 1997 3722 colatorii,

114 3767 116 3771 ’
169 3769 247 3849 ipse
264 3745 409 3850 rrlJrsast,
437 3769 475 3824 ct
493 3756 568 3830 ordi
580 3761 778 3844 persimilem
788 3759 940 3844 figarum
965 3759 1046 3860 edat
1066 3770 1164 3847 utque
1185 3768 1370 3848 exprobrat,
1400 3769 1436 3828 irs
1459 3771 1563 3828 ortem
1584 3765 1801 3826 cassantur.
1825 3794 1864 3808 -
1897 3756 1997 3821 Haec

166 3887 280 3964 itaqu
295 3875 397 3962 pilam
417 3883 454 3960 ia
475 3885 570 3940 terra
594 3875 762 3954 descssass
783 3883 916 3962 reposit
931 3875 967 3942 s'r‘s
988 3877 1059 3942 dies
1078 3887 1174 3943 ceto
1193 3886 1236 3942 ei
1254 3884 1426 3963 viginti.
1468 3878 1556 3942 Nara
1577 3885 1611 3940 et
1624 3875 1756 3960 totidem
1772 3872 1997 3940 aeternam

166 3995 332 4064 dasdem‘ss
358 3990 501 4058 Zodiacs'
516 3997 614 4076 sigas
635 3993 826 4077 perlustrat
846 4015 887 4058 ae
910 4013 1017 4058 semea
1039 3995 1144 4059 ritate
1166 4001 1303 4080 sarcivit
1329 3991 1582 4061 scarabaeorum
1602 4013 1718 4078 gestas.
1760 3991 1859 4062 Noae
1887 3997 1997 4054 autem

169 4125 198 4180 et
216 4115 374 4178 mesmes
397 4107 451 4171 die
470 4117 623 4194 apertast
635 4109 741 4192 ptiust
761 4113 798 4172 s'o
819 4129 936 4194 aquaso
951 4109 1095 4177 'coadeit
1113 4115 1200 4202 (east
1218 4118 1301 4177 eata
1320 4089 1404 4175 diem
1423 4129 1496 4175 esse
1511 4120 1648 4195 pateat,
1669 4129 1730 4198 qao
1753 4117 1789 4172 et
1808 4105 1908 4170 Ιιιιιιι
1927 4123 1996 4169 cass

166 4227 240 4296 Sole
265 4224 483 4310 congreditur
511 4233 545 4288 et
568 4225 682 4291 maadi
698 4231 833 4310 insuper
852 4225 926 4304 fiat
942 4233 1149 4316 generatio),
1170 4241 1254 4313 qaae
1275 4227 1347 4293 datar
1370 4231 1413 4290 irs'
1425 4248 1515 4314 aqua
1540 4233 1708 4314 aperitur,
1733 4223 1904 4310 prodeest
1923 4227 1996 4286 am·-

168 4345 277 4424 ulta,
298 4341 359 4408 icc
382 4348 434 4404 est
453 4339 639 4407 scarabaei.
678 4343 730 4408 En
751 4342 961 4418 scarabaeum
982 4348 1092 4411 vinam
1120 4349 1145 4418 1)
1169 4346 1387 4413 simulacrum.
1431 4343 1609 4433 Horapollc
1632 4342 1689 4426 (ll.
1703 4342 1772 4425 40.)
1794 4341 1902 4418 tradit,
1926 4359 1995 4404 sca·

169 4460 321 4528 tabacum
341 4457 427 4524 Solis
448 4456 619 4542 splendore
643 4472 852 4526 excaecatum
873 4463 999 4547 perire,
1025 4481 1088 4548 quo
1110 4467 1224 4540 innuit,
1253 4471 1281 4542 b
1305 4467 1339 4529 in
1362 4461 1524 4531 acuilunio
1547 4460 1656 4524 lumen
1678 4461 1824 4523 amittere
1846 4479 1883 4522 ac
1905 4457 1997 4543 qnasi

166 4578 276 4663 perire
301 4579 417 4640 mensis
439 4574 479 4638 ad
501 4577 627 4639 instar.¹
658 4575 748 4644 Hinc
771 4577 963 4644 scarabaeus
991 4580 1027 4645 in
1057 4578 1169 4666 lingna
1188 4581 1314 4667 Apidis,
1340 4583 1365 4648 2
1394 4582 1488 4643 sacri.
1532 4576 1683 4643 Ceterum
1707 4578 1741 4641 in
1762 4573 1911 4639 Zodiacis
1929 4573 1995 4640 Aa·

18 4707 23 4773 ¹,
165 4694 326 4782 gyptiacis
345 4690 559 4775 Tentyritico,
582 4691 823 4779 Latopolitano,
847 4709 914 4762 tum
933 4698 967 4761 in
986 4695 1131 4764 Parisino
1153 4719 1173 4762 a
1194 4696 1370 4762 Latronnio
1392 4695 1500 4772 edito,
1523 4693 1733 4779 Lugdunensi
1752 4692 1915 4778 (Reuvens
1932 4689 1993 4753 lat-

16 4826 27 5078 ᾖ

19 5132 29 5327 't

164 4826 231 4876 tres
254 4813 275 4874 is
293 4808 342 4874 Μ.
363 4808 469 4890 Letr.)
493 4808 628 4894 aliisque
649 4810 824 4876 scarabaeo
844 4817 1038 4902 exprimitur
1061 4819 1102 4898 b,
1125 4815 1252 4878 domina
1277 4819 1316 4889 Ξ
1338 4812 1433 4897 signi.
1463 4810 1594 4898 ltaque
1611 4813 1724 4898 negari
1744 4811 1865 4896 nequit,
1888 4825 1995 4872 scara·

163 4929 284 4994 basum
303 4913 486 5014 significare
505 4931 545 4999 b,
588 4925 825 5011 Atllorapollo
842 4929 964 5012 (1.10.)
986 4933 1049 4996 tria
1064 4928 1308 5008 scarabaeorum
1326 4949 1447 5014 genera
1467 4941 1645 5006 enumerat,
1663 4948 1762 5014 quara
1782 4946 1845 4990 non
1866 4925 1994 5002 mirum,

162 5043 250 5110 alios
272 5040 461 5109 scarabaeos
490 5041 563 5108 aliis
589 5043 729 5129 planetis
758 5021 867 5131 sacros
891 5043 1001 5109 fuisse.
1046 5041 1150 5126 Sari,
1178 5046 1300 5131 inquit,
1330 5041 1581 5111 scarabaeorum
1597 5043 1735 5121 foratae
1761 5051 1840 5105 tres.
1882 5039 1995 5104 Prista

154 5161 286 5240 falsitas
308 5165 423 5243 specis.
437 5179 478 5224 aa
499 5160 591 5225 uelat
611 5161 718 5228 radiis
740 5164 919 5244 iasigtts'ta,
949 5171 1054 5247 pausa¹
1068 5168 1103 5223 et
1124 5157 1199 5225 Soli
1228 5159 1265 5225 od
1288 5161 1562 5249 significationes·
1583 5157 1744 5245 quasdam
1765 5157 1929 5222 deamat.
1950 5183 1994 5198 -

163 5276 277 5344 Habet
296 5281 406 5342 auten
426 5285 462 5342 et
484 5255 688 5362 scarabaeus
707 5284 809 5346 artois
829 5277 953 5364 digitos
972 5278 1174 5365 (imrateca)
1195 5285 1349 5366 triginta,
1366 5281 1461 5368 taque
1481 5278 1528 5348 ad
1544 5276 1699 5446 {dictast
1718 5281 1861 5359 triginta
1879 5268 1995 5333 maris
