4896 6096
897 537 1238 618 ...45-

147 730 276 796 euidens
298 743 364 809 est,
386 747 454 792 uon
476 728 530 812 ogi
552 725 593 790 de
611 723 700 788 boris
724 723 922 810 vulgaribus,
943 747 1027 810 quee
1047 728 1172 790 verium
1194 723 1273 790 eolis
1294 742 1399 792 ortum
1417 743 1610 816 sequuntur,
1632 752 1736 817 neque
1753 731 1793 794 de
1806 729 1982 810 lunaribus,

148 867 226 935 quse
246 867 310 911 uon
327 845 393 910 nisi
418 846 452 908 in
474 842 568 915 lestis
590 839 729 926 eliquern
750 839 855 906 loeurn
878 841 1077 920 hebuerrrnt3
1114 865 1217 930 neque
1242 842 1282 906 de
1307 849 1549 925 astronomicis,
1573 870 1656 934 quoe
1676 847 1781 913 ulienn
1802 861 1835 912 et
1856 846 1984 912 insolite

147 967 263 1028 retione
286 974 415 1048 tempus
436 961 501 1026 diei
524 957 688 1025 diuidunt:
719 958 776 1024 sed
806 972 864 1024 eut
886 959 926 1024 de
951 958 1189 1040 communibus,
1221 981 1302 1044 quae
1325 957 1405 1026 bore
1433 978 1530 1028 sexte
1551 969 1708 1034 matutine
1728 965 1904 1050 incipiunt,
1929 981 1985 1028 aut

146 1085 179 1148 ds
197 1078 433 1148 munusue
453 1076 530 1142 tute
551 1099 574 1142 e
593 1076 702 1140 medie
723 1089 818 1140 noste
840 1079 1031 1143 nnmsrstie.
1081 1075 1189 1142 Credo
1209 1077 1348 1166 intelligi
1371 1093 1541 1170 suesque,
1572 1086 1664 1148 ouius
1693 1083 1873 1148 tententiae
1902 1078 1982 1144 heee

146 1216 211 1266 eunt
233 1207 439 1286 arguments.
481 1192 615 1258 Diserte
635 1191 779 1274 Plinius,
802 1191 1070 1278 diligentissimus
1092 1195 1292 1279 untiquitntis
1314 1211 1491 1282 temtator,
1523 1199 1636 1282 trudit,
1660 1200 1839 1286 Aegyption
1859 1197 1980 1280 periter

146 1331 232 1405 etque
250 1318 416 1384 Remum
435 1311 622 1376 euesrdotes
642 1323 676 1374 et
695 1307 918 1396 Hippurolrpm
934 1311 1019 1378 diem
1040 1313 1181 1397 iunipero
1200 1309 1307 1376 medie
1328 1317 1496 1400 somnii).
1541 1317 1724 1384 Secundum
1747 1314 1828 1381 elios
1850 1312 1979 1398 quidem

146 1436 216 1500 hura
236 1434 474 1522 Aegyptiorum
495 1430 603 1514 prims
624 1427 686 1492 luit
712 1440 812 1492 sextu
834 1439 956 1494 nosue.
994 1428 1059 1494 Sed
1081 1425 1266 1494 bneo‘dinsr
1287 1429 1452 1498 diuidendi
1482 1435 1565 1500 ratio
1588 1437 1698 1522 potius
1714 1432 1755 1497 ud
1777 1451 1870 1495 vsurs
1891 1449 1978 1494 eorn-

146 1573 265 1616 munem
299 1563 453 1638 spectare
480 1545 627 1626 ridetur,
665 1565 729 1632 quo
757 1545 923 1610 dnodeeim
951 1544 1051 1610 borne
1089 1544 1241 1630 diurnus,
1277 1549 1474 1636 totidemque
1511 1565 1689 1616 nocturnes
1718 1559 1975 1616 numerarentur.

146 1670 237 1734 l'orre
259 1690 361 1755 quum
392 1665 557 1750 Aegyptus
578 1663 792 1732 astronomiae
814 1665 921 1748 patrie
952 1665 994 1728 eit
1023 1679 1120 1751 utque
1142 1686 1201 1730 noe
1223 1685 1350 1752 quoque
1372 1666 1456 1730 diem
1485 1687 1685 1734 communem
1708 1687 1729 1732 e
1752 1665 1858 1731 medin
1886 1673 1978 1728 noete

21 1829 22 1836 κ
145 1789 348 1871 incipiemus,
378 1779 541 1868 probabile
560 1793 629 1860 est,
662 1779 747 1844 buue
768 1801 878 1862 usum,
903 1783 1022 1867 quippe
1041 1783 1280 1848 inuommodum
1301 1795 1335 1848 et
1362 1763 1599 1867 importunum,
1621 1786 1713 1871 quusi
1736 1779 1977 1864 metalogicon,

146 1902 185 1966 ub
204 1902 370 1988 Aegyptiis
391 1899 430 1964 ed
449 1919 510 1964 noe
528 1899 729 1983 peruenisse,
757 1899 830 1964 siue
852 1898 1006 1979 eeouudn,
1028 1899 1098 1965 siue
1121 1899 1219 1964 tertie
1239 1919 1351 1964 meurs.
1393 1897 1568 1966 Preeteree
1588 1903 1654 1966 ium
1672 1900 1826 1978 uidimus,
1845 1896 1975 1980 Aegyp-

146 2021 208 2084 tios
228 2031 296 2084 ooto
315 2017 378 2082 diei
397 2027 543 2102 perteue
564 2015 673 2080 medie
695 2030 789 2080 noete
810 2015 851 2080 ed
869 2014 1007 2080 medinm
1029 2036 1230 2098 numerasse,
1252 2013 1350 2101 quer'e
1373 2017 1488 2082 miruru
1511 2031 1601 2084 esset
1620 2015 1750 2084 eoedern
1770 2016 1869 2080 elium
1891 2013 1975 2078 diem

147 2135 324 2222 proberis,
359 2132 458 2198 elium
477 2147 537 2218 pro
562 2127 762 2218 temporibus
788 2131 852 2198 diei
874 2130 1045 2214 babuisse,
1075 2136 1265 2218 praesertim
1295 2155 1392 2220 quum
1425 2145 1561 2222 utreque
1589 2105 1707 2200 diuisio
1732 2133 1804 2199 veui
1825 2133 1975 2214 vitaeque

21 2251 23 2270 '
145 2254 293 2318 mmmnni
313 2251 475 2314 dmdnete
494 2248 603 2314 luerit.
647 2247 796 2336 Denique
817 2248 988 2336 Aegyptii,
1012 2263 1049 2314 vt
1070 2247 1202 2314 lebulee
1224 2247 1359 2334 doeeut,
1390 2255 1586 2320 creationem
1621 2253 1732 2320 muudi
1761 2263 1794 2316 et
1822 2249 1975 2332 temporie

144 2373 259 2436 initium
280 2367 387 2436 medie
408 2379 504 2435 noete
533 2367 686 2442 eccidisse
715 2361 967 2449 oretlebtut⁹⁸l⁴
1016 2361 1295 2443 Quemadmodum
1324 2389 1402 2436 reru
1431 2369 1590 2458 astrologi
1617 2370 1712 2438 roioli
1738 2367 1779 2436 ob
1809 2367 1871 2434 boo
1900 2361 1977 2426 iude

147 2489 287 2574 temporie
307 2499 473 2550 momento
494 2505 560 2549 nou
584 2482 689 2549 solum
710 2503 830 2548 eunom
848 2503 1024 2568 megnnm,
1052 2485 1109 2550 red
1131 2487 1228 2548 etism
1251 2487 1361 2551 varios
1382 2488 1551 2572 periodos,
1567 2495 1571 2506 '
1586 2503 1619 2552 et
1641 2508 1754 2569 eunus,
1777 2497 1809 2550 et
1832 2501 1971 2562 meuses,

145 2619 175 2668 et
192 2606 254 2668 dies
273 2607 479 2690 inoeperuutr
499 2603 547 2666 ita
566 2601 663 2664 etium
688 2597 786 2663 hores
805 2598 881 2663 inde
902 2620 1074 2666 numerere
1094 2600 1285 2668 debuerunt.
1329 2598 1435 2677 Quidi
1459 2605 1545 2690 quod
1567 2605 1724 2668 Firmium
1746 2605 1816 2688 ipse
1833 2601 1973 2664 unctori-

146 2737 205 2786 tete
217 2721 386 2808 Aesculapi
407 2717 582 2786 et=Anubii
603 2718 707 2784 fretus
728 2719 813 2782 diem
835 2717 974 2800 mimum
996 2737 1061 2782 nou
1083 2729 1159 2804 pon
1172 2715 1253 2784 solie
1271 2731 1388 2795 ortum,
1411 2720 1468 2784 sed
1491 2732 1566 2784 ente
1582 2721 1741 2802 incepisse
1756 2717 1969 2794 affirmet⁹⁹).

145 2837 223 2914 Ques
242 2840 369 2927 quidem
392 2836 435 2903 ob
463 2855 580 2904 enum
601 2834 732 2899 eredere
754 2829 847 2914 linet,
877 2831 1110 2918 Aegyptiorum
1142 2833 1257 2915 hores,
1289 2833 1405 2918 quibus
1431 2834 1667 2900 Huroeretores
1684 2835 1766 2902 siue
1791 2833 1971 2916 Diepoutee

145 2957 295 3042 pmelentii
317 2969 427 3022 essent
448 2965 636 3042 requenter,
658 2950 766 3015 medie
790 2970 810 3013 e
832 2963 925 3014 noete
947 2961 1133 3014 numeratus
1154 2945 1271 3030 fnisse,
1296 2946 1417 3014 seilicet
1441 2951 1615 3049 seeundum
1638 2951 1796 3015 rationem
1819 2950 1970 3013 seoretiu-

142 3094 214 3140 rem.
254 3071 361 3150 Quum
381 3092 461 3137 nero
483 3070 598 3157 negeri
617 3079 767 3156 nequeat,
792 3067 970 3152 Aegyptios
991 3065 1077 3128 diern
1099 3061 1226 3129 ciuilem
1249 3087 1286 3129 eo
1309 3064 1479 3153 vulgarem
1497 3055 1660 3154 'incepisse
1684 3067 1762 3132 hore
1785 3079 1882 3130 sexta
1902 3085 1970 3128 rnn-

142 3191 239 3254 tutius
261 3204 354 3278 utque
373 3189 470 3254 huius
492 3208 618 3276 quoque
642 3185 706 3248 diei
727 3185 866 3269 epatium
889 3179 1084 3267 astrologice
1103 3183 1228 3247 ratione
1251 3183 1350 3247 diuidi
1371 3182 1539 3263 debuerit3
1559 3183 1727 3273 probabile
1748 3199 1815 3266 est,
1839 3179 1968 3246 eosdem

139 3307 236 3370 fuisse
254 3305 489 3372 lloroeretores
508 3328 562 3370 seu
585 3303 766 3388 Diepoutes
786 3323 846 3388 pro
869 3299 921 3364 die
943 3297 1030 3363 ciuili
1054 3297 1140 3384 apud
1159 3297 1350 3385 Aegyptius.

207 4251 362 4317 Ceterum
382 4249 542 4314 coniicere
562 4248 655 4333 licet,
687 4251 866 4342 Aegyptios
888 4254 969 4322 nlius
991 4280 1118 4345 quoque
1152 4259 1215 4325 diei
1237 4275 1347 4348 partes
1375 4259 1491 4329 l'eoisee
1513 4277 1642 4349 prseter
1664 4277 1788 4327 nentem
1810 4277 1842 4327 et
1865 4262 1960 4344 diem,

138 4365 279 4452 trihorio,
302 4383 336 4434 et
355 4367 472 4448 bores,
498 4387 577 4452 ques
594 4389 657 4454 pro
680 4389 769 4435 more
797 4394 857 4437 suo
879 4372 940 4438 diie
961 4373 1183 4461 plnuetnribus
1210 4377 1420 4456 subiicerent3
1452 4383 1641 4466 praesertim
1664 4403 1761 4468 quum
1783 4379 1959 4469 eclipticam

135 4484 166 4544 in
178 4485 311 4551 minutus
330 4484 413 4550 eden
434 4494 546 4570 peries
566 4485 742 4586 diuiseriut
765 4501 860 4575 etque
882 4503 1040 4556 notrorum
1061 4508 1168 4560 motus
1189 4499 1425 4564 soeuretiseime
1448 4519 1520 4562 oum
1542 4511 1722 4584 temporum
1737 4496 1830 4584 lapsu
1844 4495 1959 4561 ooltne·

133 4613 236 4664 reem:
257 4603 309 4667 ssd
335 4604 377 4668 de
397 4601 450 4666 lris
472 4600 551 4666 nibil
575 4603 654 4668 certi
678 4625 698 4669 a
720 4604 885 4672 veteribus
909 4607 1059 4674 traditum
1081 4608 1210 4700 legitur.

195 4853 241 4916 et)
259 4853 333 4910 ertu.
350 4855 429 4910 illst.
447 4853 513 4908 Not·
533 4853 612 4911 tull.
629 4851 674 4908 19.
699 4855 796 4926 lpsunr
816 4860 900 4926 diem,
917 4861 1021 4933 inquit,
1042 4863 1093 4918 slil
1109 4865 1196 4920 aliter
1212 4865 1422 4920 obeerusuerer
1445 4868 1610 4924 secerdotes
1628 4870 1747 4924 Romani
1766 4879 1796 4924 et
1815 4871 1863 4938 qui
1881 4865 1955 4921 diem

127 4937 262 4991 definiere
281 4940 411 5006 duilem,
431 4942 503 4994 ttent
521 4939 653 5014 Aegypttt
676 4945 706 4994 et
723 4943 905 5012 Hippnrebus
922 4960 940 4999 e
956 4950 1050 5003 medis
1071 4958 1155 5005 noete
1171 4951 1202 5004 iu
1220 4949 1350 5007 medinm.

192 5037 242 5103 ⁹8)
260 5039 323 5094 Vld.
338 5037 492 5098 iablonski
509 5037 613 5128 l'sntlr,
631 5041 699 5114 Aeg.
722 5039 823 5099 Persl.
841 5059 904 5116 png.
915 5045 946 5100 li
965 5077 991 5086 —
1012 5051 1055 5108 28.

26 5137 28 5226 l
188 5137 238 5206 ⁹9)
256 5138 391 5198 Firminus
411 5141 532 5198 Lib-ill.
549 5143 604 5196 el·
624 5143 740 5214 pugil.
759 5145 820 5210 Ab,
835 5142 935 5218 vbi&
955 5155 1001 5204 est
1016 5151 1050 5242 in
1063 5149 1106 5220 a,
1121 5151 1310 5224 lioroseopus
1329 5163 1399 5208 vero
1415 5151 1446 5206 lu
1464 5151 1514 5217 Ε,
1533 5159 1669 5206 neseeete
1689 5145 1803 5202 mondo.

27 5295 36 5771 ἴ
803 5291 954 5304 Ἢ

30 5776 48 6055 l
