4860 6092
875 539 1242 618 -127—

156 733 314 808 nautam,
338 743 446 808 regen
467 729 567 808 ignit,
590 727 676 812 quod
699 726 809 792 valere
832 750 895 794 aon
919 741 1028 815 potest
1051 731 1111 795 niei
1134 726 1174 790 de
1198 725 1234 795 Θ
1253 729 1389 791 aeetiuo.
1434 725 1517 792 llinc
1533 727 1814 816 Macrobina(Sat.
1829 731 1854 798 l.
1872 733 1987 812 c.20.),

155 842 324 924 anaIer,
347 845 470 929 inquit,
496 862 537 906 en
555 849 608 904 ert
629 837 901 929 satraparum,
924 865 1009 930 quoe
1030 843 1168 910 tanaro
1192 849 1313 926 genere·
1330 847 1483 907 oe'rtuten
1508 863 1549 905 oc
1571 847 1812 911 similitudinem
1828 854 1985 932 proertot

152 957 291 1024 deor-aar.
336 959 449 1024 Virtus
465 979 544 1023 vero
565 971 616 1024 eat
635 961 664 1022 θ’
686 963 827 1044 propria,
850 965 904 1048 qni
926 963 1156 1047 potentissimis
1179 960 1310 1024 Zodiaci
1335 957 1477 1044 partibus
1499 961 1648 1045 praefuit,
1669 965 1813 1028 maxime
1833 975 1882 1035 Υ.
1910 962 1986 1026 Huc

150 1075 290 1155 aocedit,
318 1077 404 1162 qnod
430 1075 588 1141 Herculea
621 1077 748 1161 tempus
777 1089 809 1140 et
831 1082 984 1162 temporie
1010 1080 1137 1144 initium
1160 1091 1296 1141 vocatur
1319 1075 1377 1162 (V.
1393 1075 1562 1142 Jablonalt.
1577 1078 1692 1143 l‘antb.
1708 1079 1734 1144 l.
1750 1103 1783 1167 p.
1798 1083 1870 1143 190.
1886 1080 1982 1160 tet).

149 1189 321 1276 Temporis
343 1197 420 1256 vero
444 1206 477 1255 et
498 1192 630 1257 Zodiaci
651 1194 777 1258 initium
797 1211 850 1258 eat
872 1210 926 1276 Υ,
951 1217 1050 1281 quere
1072 1195 1215 1282 prolecto
1235 1192 1392 1260 Herculea
1414 1171 1612 1258 atridtiesimo
1628 1197 1662 1266 Θ
1684 1198 1715 1259 in
1740 1211 1779 1267 Υ
1803 1193 1984 1280 significare

148 1307 286 1375 videtur.
330 1307 452 1394 Vtique
484 1305 625 1388 Thebis,
658 1328 741 1392 quae
770 1322 808 1378 Υ
840 1311 1051 1395 respondent,
1084 1315 1262 1376 maximum
1292 1310 1441 1376 Herculia
1468 1309 1691 1376 celebrabatur
1716 1312 1846 1376 festum.
1890 1307 1984 1384 Quod

147 1424 286 1512 denique
305 1428 464 1520 imagines
484 1421 635 1488 Herculia
656 1425 727 1488 eine
746 1422 839 1488 borni
858 1429 983 1508 attinet,
1005 1426 1209 1514 philosophia
1233 1427 1396 1513 Orphica,
1419 1427 1637 1513 Aegyptiacae
1658 1427 1744 1511 lilia,
1767 1425 1914 1507 docebat,
1939 1444 1984 1488 ex

146 1539 240 1608 Chao
263 1551 369 1608 ortem
397 1558 469 1604 erre
498 1540 626 1604 namt
646 1537 837 1622 draconem,
859 1548 917 1606 car·
934 1543 1092 1608 adnotate
1114 1554 1193 1609 erat
1213 1553 1316 1630 caput
1336 1545 1458 1628 leonr'r,
1482 1565 1600 1630 corpur
1616 1565 1698 1609 nero
1724 1544 1858 1608 mediant
1879 1545 1985 1604 coatt-

145 1657 249 1724 nebut
265 1659 398 1736 fociant
421 1652 506 1736 Der',
537 1673 628 1738 poen
655 1653 831 1721 Herculeae
860 1667 896 1722 et
916 1669 1042 1746 tenpus
1071 1671 1195 1727 nocant
1213 1662 1387 1748 (Athenng.
1403 1687 1451 1748 pr.
1466 1661 1585 1728 Christ.
1600 1685 1632 1747 p.
1650 1663 1727 1748 19).
1770 1661 1820 1725 En
1853 1659 1887 1723 Θ
1912 1674 1984 1720 cant

143 1772 295 1856 aymbolo
317 1795 377 1838 ano
396 1771 490 1837 leone
510 1763 607 1856 atque
622 1777 653 1838 r?
678 1773 827 1858 dracone,
853 1799 917 1863 quo
938 1773 975 1848 Θ
996 1780 1028 1842 in
1044 1791 1099 1855 Υ,
1124 1782 1154 1843 d'
1178 1779 1284 1861 domo,
1304 1779 1434 1843 chiaoi
1459 1781 1575 1864 capite,
1596 1780 1686 1843 inani
1708 1777 1845 1842 videtur.
1882 1775 1983 1838 Porro

142 1910 245 1976 quum
267 1891 510 1973 Σιμφουκριιτης
528 1886 689 1974 aignilioet
713 1889 1048 1960 nautea-ama
1065 1893 1153 1980 pede
1172 1893 1434 1970 claudicantem,
1465 1893 1518 1958 vel
1536 1891 1676 1978 pedibas
1697 1903 1844 1980 ruptam
1876 1889 1982 1955 marti·
2073 1919 2081 1938 κ

142 2028 280 2092 mopere
300 2003 467 2092 probabile
490 2019 558 2088 eat,
583 2007 775 2091 Herculem,
800 2021 868 2074 tum
892 2008 946 2094 Θ,
974 2025 1041 2076 ιιιιιι
1062 2013 1106 2092 ἃ,
1135 2010 1253 2096 pedam
1274 2007 1386 2074 babitu
1417 2007 1599 2074 distinemur
1621 2011 1722 2074 initae
1750 2008 1791 2074 ab
1815 2008 1887 2073 aliie
1912 2007 1981 2071 diia.

140 2121 246 2190 Cer'te
267 2121 444 2199 Vulcanus,
467 2125 595 2210 utrique
618 2123 887 2210 numiniaffinie,
912 2127 1094 2194 claudicant
1115 2125 1310 2224 fingebatur.
1353 2125 1427 2191 Huc
1449 2140 1573 2212 rpeetnt
1593 2124 1704 2192 fabula
1726 2125 1766 2190 de
1785 2124 1927 2190 Hercule
1947 2124 1982 2186 in

140 2239 253 2326 Libya
275 2241 395 2305 vincto.
425 2237 560 2314 Narrat
579 2239 771 2308 Plutarcbua
792 2243 850 2325 (ln.
865 2244 975 2330 atu),
1004 2243 1116 2310 quen
1134 2242 1272 2332 pedidus
1290 2249 1380 2307 t'nter·
1402 2263 1437 2307 te
1460 2242 1609 2308 adanitt't
1628 2243 1761 2322 (caelen
1781 2261 1981 2326 σινμπιφυκο·

137 2359 233 2440 των),
258 2377 330 2421 caat
351 2361 402 2419 r're
423 2375 490 2419 non
506 2365 629 2442 portet,
652 2362 688 2422 t'n
711 2359 889 2424 solitudine
909 2367 1056 2436 oranter
1078 2361 1200 2426 Iride:
1222 2369 1342 2436 auteur,
1367 2359 1519 2426 dierectr'r
1539 2367 1576 2424 et
1594 2358 1736 2424 &doctri
1756 2364 1801 2423 t’t'r
1824 2353 1982 2448 areale-tr,

136 2471 223 2538 Ioat'
239 2492 389 2556 greeae·
412 2471 635 2556 expediatne.
678 2474 801 2563 Iupiter
823 2478 950 2564 quidem
973 2502 1036 2546 noo
1059 2479 1168 2546 differt
1188 2477 1228 2543 ab
1248 2477 1390 2544 Hercule
1409 2476 1471 2540 boc
1491 2476 1574 2542 loco.
1616 2475 1761 2540 Eandem
1783 2476 1867 2538 enim
1888 2470 1982 2536 iabu-

137 2587 209 2652 lanr
230 2588 366 2654 Serdica
386 2586 495 2672 (Virg.
510 2587 594 2656 Aeo.
609 2591 669 2658 lV.
687 2594 774 2677 196.)
798 2594 849 2660 bia
879 2595 987 2662 verbie
1012 2599 1135 2683 incipit.
1181 2591 1300 2676 Liber,
1329 2593 1402 2669 oel,
1430 2600 1469 2655 ot
1494 2592 1559 2654 ole't'
1577 2589 1710 2667 dicant,
1735 2588 1900 2653 Herculea
1916 2605 1983 2670 per

136 2707 280 2772 deamo
309 2701 435 2789 aynae
459 2708 782 2792 cancerauma,
811 2725 873 2776 eet.
916 2712 1049 2800 Itaque,
1080 2733 1178 2799 qunrn
1202 2715 1238 2788 Θ
1266 2730 1377 2774 eornm
1405 2710 1570 2792 tignorum
1585 2705 1740 2789 ¹insignia
1761 2715 1920 2781 assumat,
1948 2703 1984 2764 in

137 2845 282 2910 quorum
305 2820 425 2891 liniboa
446 2838 611 2890 vereatur:
633 2828 790 2911 nequitur,
813 2839 881 2890 tum
902 2835 947 2910 θ’,
969 2831 1039 2894 rino
1058 2828 1232 2914 planetam,
1254 2828 1323 2888 eiua
1344 2824 1507 2888 dominum
1528 2825 1612 2908 rigni
1629 2820 1778 2892 Zodiaoi;
1801 2832 1868 2882 turn
1890 2815 1926 2888 Θ
1947 2816 1981 2880 in

137 2945 171 3008 r?
195 2941 352 3008 dominiia
372 2953 566 3018 vernantem,
588 2940 724 3025 pedibua
747 2943 889 3008 adunitia
910 2965 1085 3030 expreeeoa
1107 2945 1217 3008 luisse.
1261 2939 1345 3006 Nam
1367 2937 1479 3004 fabula
1498 2937 1555 3003 illa
1579 2951 1703 3025 spectat
1724 2937 1763 3002 ad
1790 2934 1898 3010 aliam,
1918 2951 1983 3018 qna

134 3057 297 3140 docetur,
327 3057 412 3122 Solia
438 3079 566 3124 curtum
589 3077 661 3122 oeae
683 3061 827 3123 maxime
849 3057 974 3123 lentum
1001 3061 1085 3124 circa
1109 3054 1494 3138 noletitiumbibernum,
1520 3058 1662 3120 maxime
1685 3075 1764 3118 vero
1784 3051 1928 3118 velocem
1947 3050 1981 3112 in

134 3176 348 3262 aequinoctio
371 3173 726 3262 (Plutarcb.l‘rooreat.
742 3194 794 3238 an.
809 3196 843 3259 p.
859 3178 978 3256 1099).
1009 3175 1101 3242 Adde
1122 3172 1322 3240 Scholieaten
1337 3173 1472 3238 Hesiodi
1494 3175 1541 3258 (p.
1559 3177 1629 3238 tta.
1646 3169 1759 3256 Van).
1804 3165 1980 3246 circulum,

130 3295 265 3378 inquit,
289 3289 570 3372 Aeput'noen'aleer
591 3291 645 3373 (γ
664 3297 710 3370 ,Β
742 3291 820 3372 Π),
839 3307 929 3373 paen
954 3291 1007 3354 rol
1026 3292 1131 3354 celere·
1147 3300 1236 3355 notu
1256 3295 1437 3378 percurret.
1481 3287 1576 3354 Cadit
1606 3310 1684 3374 ergo
1706 3285 1825 3353 solutio
1846 3281 1902 3364 Θ,
1924 3302 1982 3366 pe·

131 3405 240 3470 dibus
264 3405 387 3486 vineti,
406 3406 438 3469 in
461 3407 589 3491 signum
610 3419 662 3487 Υ,
684 3427 742 3470 een
765 3409 796 3473 ed
823 3405 1030 3472 domicilium.
1073 3405 1224 3474 Ceterum
1246 3431 1290 3472 ex
1315 3405 1528 3493 llorapolline
1549 3405 1608 3490 (ll.
1624 3407 1692 3486 ta.)
1718 3418 1824 3490 patet,
1847 3400 1979 3465 Seruum

128 3519 319 3590 Herculem
347 3519 428 3606 fingi
456 3535 624 3586 armatum.
671 3523 955 3607 Καθοιιλισμινος,
984 3526 1107 3611 inquit,
1137 3553 1188 3590 act
1218 3529 1353 3602 relevum
1375 3523 1467 3605 ὄχλον
1494 3547 1640 3606 oppetere.
1682 3518 1814 3586 'l'nrbae
1837 3535 1915 3580 vero
1947 3513 1978 3576 o*
2019 3599 2020 3602 Ἴ

131 3634 368 3704 adacn'buntnr
389 3636 432 3717 (l.
447 3637 477 3710 1.
491 3643 544 3704 49.
557 3659 634 3724 pag.
649 3637 729 3718 61.).

1027 3988 1039 4013 .
1077 3932 1119 4014 9.

529 4072 717 4160 Nomine
742 3923 1354 4186 mythologicb-asnonomica
1379 4074 1603 4160 feminina.

225 4247 338 4326 Quum
357 4249 533 4314 masculina
549 4249 782 4338 Aegyptiorum
805 4253 936 4316 numina
960 4255 1104 4317 maxime
1126 4253 1165 4316 ad
1181 4251 1221 4332 Θ
1242 4265 1398 4338 apeotent,
1419 4266 1456 4318 vt
1470 4265 1619 4318 veterum
1638 4247 1829 4331 scriptorum
1851 4239 1976 4308 auxilio

135 4371 168 4432 in
185 4365 412 4453 euperioribua
436 4368 707 4444 demonrtratum3
730 4390 808 4432 eane
829 4371 987 4434 coniicere
1008 4369 1094 4452 licet,
1111 4370 1341 4456 Aegyptiorum
1355 4367 1445 4434 Deae
1467 4367 1635 4454 pleraeque
1656 4365 1763 4448 potine
1782 4371 1809 4442 b
1828 4360 1975 4426 attinere.

136 4481 294 4546 Vidimna
314 4486 399 4548 eninr
422 4505 468 4548 ax
490 4483 723 4567 Chaeremone,
749 4508 860 4552 ornnea
876 4486 1109 4574 Aegyptiorum
1123 4485 1213 4552 Dece
1233 4498 1290 4550 aut
1311 4485 1352 4550 ad
1375 4485 1425 4566 Θ,
1449 4495 1505 4546 aut
1529 4482 1623 4558 adn·
1637 4480 1762 4562 referri,
1785 4500 1868 4565 quae
1889 4488 1977 4542 aetra

135 4595 218 4662 aliie
238 4595 365 4664 zottact
385 4603 418 4666 in
440 4601 588 4688 partiboa
610 4602 675 4667 alia
696 4606 827 4669 nomina
851 4617 883 4670 et
906 4605 1107 4690 cognomina,
1133 4626 1171 4669 oc
1190 4605 1331 4689 insignia
1351 4610 1526 4663 autumant.
1570 4593 1698 4673 Qua'in
1722 4617 1758 4660 re
1776 4597 1976 4682 distinguen-

136 4715 220 4778 dum
244 4716 304 4777 erit
324 4717 408 4780 luter
430 4717 594 4783 nonilnnia
616 4731 648 4783 et
670 4718 856 4805 plenilunio,
879 4719 956 4786 licet
979 4719 1144 4786 nouilunia
1164 4723 1197 4784 in
1220 4739 1328 4782 rernm
1350 4727 1466 4778 natura
1484 4715 1548 4778 aiut
1567 4718 1707 4801 potiora,
1731 4734 1768 4778 ac
1787 4711 1976 4800 principalia

134 4827 305 4896 habenda.
350 4830 501 4900 Ceterum
524 4834 588 4901 bttc
608 4847 750 4921 spectat,
773 4838 858 4924 qnod
881 4837 1038 4924 astrologi
1060 4837 1235 4902 zodiacum
1257 4833 1434 4896 diuiserunt
1454 4833 1538 4896 inter
1558 4833 1690 4898 numina
1714 4833 1828 4916 partim
1848 4849 1976 4895 maecu-

129 4947 231 5027 lina,
257 4951 371 5032 partim
395 4949 559 5018 feminina.
603 4951 671 5017 Sex
696 4955 780 5016 enim
806 4955 972 5038 signorum
995 4952 1114 5016 domini
1137 4948 1295 5014 habentur
1315 4947 1501 5031 masculini,
1532 4949 1665 5014 totidem
1688 4947 1853 5028 feminini,
1882 4947 1974 5012 cuine

128 5065 186 5132 rei
210 5066 299 5128 ratio
320 5063 399 5131 latet
419 5071 535 5153 partim
555 5073 588 5134 in
611 5092 716 5136 rernm
740 5081 872 5145 natura,
897 5087 979 5154 qnae
1001 5079 1070 5133 tota
1089 5066 1186 5132 robur
1209 5087 1293 5130 nexu
1315 5065 1450 5130 diuereie
1473 5079 1620 5130 coartare
1639 5063 1778 5145 ridetur,
1800 5065 1919 5149 partim
1937 5065 1972 5126 in

126 5181 335 5269 repetitione
356 5181 556 5268 planetarum
570 5186 704 5274 cingulis
717 5189 819 5275 tignis
832 5185 1099 5272 praepotitorum.
1128 5181 1236 5261 Quum
1260 5185 1344 5248 enim
1364 5181 1494 5247 zodiaci
1510 5179 1779 5246 Dodecatemoria
1800 5177 1971 5243 diuidenda

131 5311 250 5366 cenent
281 5300 366 5364 inter
396 5313 520 5385 neptem
541 5302 703 5388 planetam
740 5307 827 5378 <bet
856 5311 883 5384 2
911 5323 1026 5383 vnum,
1057 5307 1080 5388 b
1115 5312 1140 5386 2
1171 5301 1202 5365 rt*
1228 5306 1257 5386 lp
1280 5299 1306 5379 15
1332 5297 1409 5365 bina
1430 5301 1523 5385 tigna
1546 5301 1650 5365 eortiti
1672 5313 1757 5364 eunt.
1800 5292 1909 5369 Quare
1934 5289 1969 5354 bi
