4882 6098
1175 411 1656 532 ...src-'

438 646 587 731 dynastia
610 645 700 728 XII,
722 665 794 708 cum
816 665 879 728 qna
901 663 1019 708 nouum
1040 621 1159 708 librum
1180 644 1309 728 incipit,
1330 642 1475 726 incipere
1494 639 1661 706 historiam
1683 653 1838 706 ausuum.
1882 638 2047 726 Tempora
2066 663 2170 722 vero,
2203 664 2285 731 quac

437 762 595 830 Manetho
614 767 719 850 primo
740 764 774 825 iu
794 759 949 824 historiae
969 779 1047 823 suae
1069 757 1153 823 libro
1175 759 1331 842 dynastiis
1349 760 1463 844 primis
1484 755 1565 822 XlI.
1586 769 1620 821 et
1642 757 1717 822 Diis
1739 755 2002 824 antecedentibus
2024 757 2188 843 adscribit,
2212 784 2288 829 ccu-

439 884 574 946 veniunt
599 876 658 960 iis,
697 899 780 964 quae
805 873 846 940 ab
869 875 996 942 Adamo
1019 896 1121 963 usque
1144 876 1184 940 ad
1209 875 1378 942 Diluuium
1406 887 1627 942 numerantur.
1668 873 1754 940 Hinc
1783 878 1859 944 anni
1879 875 1956 942 iude
1985 896 2006 938 a
2034 875 2182 959 dynastia
2205 878 2287 945 Xll.

440 995 605 1085 usquead
629 992 763 1059 Antonin
786 997 945 1060 numerati
972 992 1057 1080 apud
1082 992 1318 1060 Manethonem
1338 994 1536 1080 respondent
1558 994 1651 1059 aunis
1671 992 1747 1070 iude
1770 1015 1790 1058 a
1810 992 1946 1059 Diluuio
1966 1014 2070 1080 reque
2094 993 2138 1058 ad
2156 993 2285 1062 Mosen.

526 1110 622 1189 Quod
640 1134 717 1178 vero
738 1133 898 1177 summum
919 1125 985 1194 est,
1007 1111 1082 1176 hinc
1104 1113 1234 1198 cognita
1251 1114 1378 1178 radone
1400 1125 1433 1176 et
1454 1123 1579 1193 aetate,
1601 1131 1666 1196 qua
1685 1109 1843 1176 zodiacon
1867 1121 1977 1177 noster
1998 1121 2090 1174 ortus
2113 1113 2168 1194 sit,
2191 1113 2289 1178 etiam

446 1232 608 1318 sequitur,
637 1229 806 1296 Diluuium
834 1232 868 1294 ia
894 1229 937 1296 V.
954 1228 995 1296 Τ.
1024 1243 1237 1294 memoratum
1264 1251 1329 1296 non
1356 1228 1457 1292 lmese
1479 1227 1690 1315 particulare,
1723 1227 1780 1292 sed
1807 1225 2002 1324 uniuersale.
2047 1225 2172 1302 Quodsi
2199 1233 2285 1294 euim

447 1369 559 1414 omues
579 1349 779 1436 antiquitatis
800 1349 949 1412 uatiuues
967 1367 1030 1411 non
1052 1347 1247 1432 prodiissent
1269 1369 1315 1412 ex
1335 1368 1401 1412 rna
1422 1344 1493 1412 sala
1513 1349 1631 1432 patria,
1653 1368 1719 1413 non
1739 1343 1993 1431 intelligeretur,
2018 1367 2076 1410 cur
2099 1367 2210 1414 omues
2230 1368 2286 1412 es·

448 1465 531 1546 dem,
545 1488 566 1530 a
586 1463 682 1532 stella
705 1485 873 1530 numerare
901 1466 1066 1549 potuerint
1086 1463 1188 1550 Signa
1208 1463 1357 1538 Zodiaci3
1394 1485 1451 1528 cur
1478 1465 1610 1530 eosdem
1630 1465 1710 1550 ipsis
1734 1461 1883 1549 planetas
1903 1463 2137 1549 praefecerint,
2167 1463 2283 1530 iisdem

448 1579 602 1666 symbolis
624 1581 891 1669 apotelesmaticis
913 1602 953 1644 ea
974 1582 1205 1668 expresserint.
1239 1579 1333 1647 Ratio
1357 1583 1442 1676 enim
1460 1580 1603 1663 Zudiaci,
1624 1580 1700 1646 licet
1724 1579 1812 1644 mille
1832 1582 1937 1646 modis
1958 1582 2079 1645 variari
2100 1583 2210 1668 possit,
2230 1603 2285 1645 ea·

450 1695 525 1762 dem
549 1711 599 1763 est
628 1699 713 1786 apud
735 1721 846 1764 omnes
868 1695 1022 1783 populos,
1053 1717 1125 1761 cum
1148 1697 1358 1783 Europaeos,
1382 1713 1449 1764 tutu
1472 1699 1653 1783 Asiaticos,
1676 1699 1866 1780 Africanus,
1890 1698 2114 1764 Amemcauos.
2156 1698 2193 1762 Si
2213 1719 2285 1762 vero

450 1813 608 1880 zodiacus
632 1837 698 1904 nau
723 1816 896 1903 prodiisset
918 1837 963 1879 ex
980 1829 1077 1902 gente
1096 1829 1174 1901 post
1195 1815 1352 1882 diluuium
1374 1817 1568 1908 originaria3
1604 1837 1705 1900 nunc,
1735 1837 1833 1904 quum
1851 1813 1945 1880 nulla
1966 1817 2080 1880 ciuitas
2098 1837 2160 1900 per
2184 1815 2288 1880 decem

452 1950 554 1996 anuos
576 1933 645 1996 sine
662 1931 804 1997 Zodiaco
826 1945 973 1998 constare
994 1935 1108 2017 possit,
1131 1955 1197 2000 uon
1218 1956 1318 2000 vuum
1336 1931 1529 2000 haberemus
1551 1934 1739 2016 zodiacum,
1760 1933 1818 1999 sed
1839 1931 1960 1998 multos
1978 1954 2037 2018 per
2059 1946 2224 1998 terrarum
2243 1953 2288 1996 cr·

453 2045 539 2114 hem.
581 2048 707 2114 Prodiit
726 2063 833 2114 autem
849 2049 1008 2115 zodiacus
1029 2069 1075 2114 ex
1089 2049 1261 2144 religione.
1302 2051 1388 2118 Saue
1409 2075 1521 2118 omnes
1536 2065 1684 2119 veterum
1704 2049 1879 2137 religiones
1893 2049 2026 2116 eaedem
2040 2059 2126 2114 runt.
2157 2049 2290 2116 ,Omnes

454 2167 540 2230 enim
560 2165 647 2230 idem
668 2165 887 2254 mythologice
910 2169 1102 2254 principium
1124 2167 1325 2251 habueruut,
1356 2193 1468 2237 omues
1489 2171 1619 2238 eosdem
1637 2166 1951 2244 Deorurncrdiues,
1973 2169 2145 2253 pertimet
2165 2170 2291 2232 nomina

454 2280 509 2348 vel
531 2286 734 2369 cognomina,
758 2285 870 2348 eadem
892 2283 1049 2369 symbola,
1075 2285 1241 2370 animalia,
1260 2285 1401 2374 plantas,
1422 2294 1653 2363 iustrumenta,
1676 2284 1822 2352 membra
1841 2285 1958 2350 iisdem
1980 2283 2163 2350 numinibus
2185 2303 2291 2348 coare·

455 2413 557 2466 crata.
600 2381 696 2475 Quod
719 2399 807 2466 valet
830 2403 926 2466 etiam
947 2403 987 2466 de
1009 2400 1243 2470 huiusaetatis
1263 2403 1465 2491 nafiouihus,
1495 2407 1536 2472 ad
1558 2424 1639 2492 quas
1660 2401 1776 2488 religio
1799 2401 1944 2467 reueleta
1971 2403 2113 2468 nondum
2133 2403 2289 2487 peruenit,

454 2516 533 2582 licet
556 2515 639 2582 aliae
665 2538 685 2581 a
709 2519 845 2604 pristina
869 2518 1026 2606 religione
1047 2519 1088 2584 ad
1110 2521 1299 2588 inferiorem
1321 2538 1461 2608 statum,
1484 2545 1601 2612 purum
1622 2539 1738 2606 nempe
1758 2518 2024 2602 Fetischismum,
2048 2519 2201 2606 delapsae
2220 2521 2292 2598 siut

456 2633 539 2700 aliae
568 2655 628 2721 per
655 2637 827 2722 magistros
857 2637 898 2701 ad
926 2639 1085 2702 veriorem
1107 2636 1363 2706 Naturalismnsu
1390 2641 1555 2708 redierint.
1597 2639 1672 2706 Huc
1700 2637 1822 2702 accedit
1848 2635 2032 2723 linguarm
2055 2635 2205 2702 affinitas.
2245 2635 2292 2700 lla

358 2835 361 2844 .
456 2755 542 2817 enim
561 2753 626 2816 iam
647 2755 795 2840 peruenit
813 2752 1014 2844 philologia,
1048 2767 1085 2820 vt
1107 2754 1328 2822 demonstrare
1345 2762 1465 2843 possit,
1494 2779 1607 2825 omues
1627 2757 1769 2822 omnium
1791 2752 1986 2841 populorum
2005 2754 2130 2840 linguas
2150 2757 2233 2818 inter
2252 2771 2290 2815 se

458 2870 632 2933 cohaerere
653 2880 749 2956 atque
771 2867 883 2934 eadem
904 2893 949 2936 ex
970 2871 1082 2960 lingua
1102 2875 1179 2938 auia
1200 2873 1370 2959 prodiisse.
1413 2874 1500 2953 Quid
1523 2877 1626 2941 dicam
1647 2873 1687 2938 de
1714 2873 1894 2958 scripturai
1930 2873 2052 2940 Omnes
2071 2873 2155 2936 euim
2174 2867 2290 2934 harae

459 3005 505 3049 ox
529 2985 642 3049 eadem
667 2983 908 3072 hieroglyphice
929 2990 1125 3074 prodierunt,
1139 2990 1255 3054 iisdem
1277 2995 1443 3079 principiis
1465 3005 1572 3058 natae.
1616 2988 1768 3056 Ceterum
1787 2989 1857 3054 lere
1879 2993 2024 3054 omnium
2036 2991 2197 3054 aedanum
2212 2983 2289 3050 libri

461 3101 601 3184 tradunt,
623 3100 729 3168 media
750 3104 784 3167 in
797 3102 878 3168 Asia
897 3105 997 3170 luisse
1021 3121 1150 3194 gentem
1164 3109 1580 3196 postDiluniumprimaru,
1596 3127 1720 3194 exque
1740 3105 1884 3194 reliquae
1904 3103 2081 3194 prodirent.
2111 3105 2167 3172 sic
2178 3119 2294 3172 usan-

459 3233 512 3283 tur
528 3218 692 3306 Aegyptii,
710 3217 878 3304 Chaldaei,
894 3221 1080 3306 Phoenices,
1098 3223 1225 3309 Graeci,
1237 3225 1312 3292 Itali
1326 3225 1454 3314 aliique,
1471 3248 1506 3291 se
1526 3227 1654 3292 venisse
1669 3247 1714 3289 ex
1735 3227 1870 3291 oriente.
1903 3223 1976 3288 Indi
1993 3237 2108 3290 comma
2119 3225 2297 3312 Persaeque

461 3355 481 3396 a
503 3335 720 3418 septentrione
742 3359 778 3402 se
801 3359 991 3426 progressos
1020 3339 1232 3428 profiteatur,
1263 3341 1414 3408 Siuenses
1439 3364 1518 3408 vero
1539 3342 1737 3408 occidentem
1759 3353 1938 3430 agnoscam
1960 3345 2100 3430 patriam
2121 3361 2235 3426 suasa,
2264 3355 2298 3404 rt
2326 3391 2328 3396 .

460 3450 609 3516 boreales
630 3455 777 3518 nationes
797 3455 973 3519 meridiem.
1016 3459 1105 3546 Ergo
1128 3463 1255 3526 exstitit
1276 3462 1387 3542 uado,
1408 3480 1429 3523 a
1448 3481 1513 3546 qua
1532 3460 1709 3526 communis
1729 3459 1864 3546 religio,
1887 3459 2105 3541 macconis,
2125 3457 2301 3546 asuelogis
2416 3495 2417 3510 ι

461 3567 609 3657 aliaeque
631 3569 818 3655 discipliuae
840 3573 998 3657 originem
1027 3576 1202 3644 duxerunt.
1248 3578 1464 3659 Omittamus,
1497 3577 1581 3664 apud
1611 3598 1723 3643 omnes
1744 3591 1859 3664 gentes
1879 3576 2014 3660 reperiri
2037 3577 2242 3642 traditionem
2263 3577 2302 3640 de

460 3685 595 3751 Diluuio
617 3687 782 3774 generali,
812 3688 913 3765 veluti
936 3693 1022 3776 apud
1044 3691 1186 3760 Graecos
1206 3696 1425 3782 Latinosque,
1446 3692 1646 3782 Aegyptios,
1665 3694 1861 3776 Phoenices,
1886 3690 2228 3777 Chaldaeos,-lndcs,
2251 3692 2302 3758 Si·
2416 3743 2417 3750 .

462 3825 590 3884 nenses,
612 3805 834 3891 Americauos,
854 3810 944 3872 cuius
969 3789 1082 3876 diluuii
1102 3815 1243 3899 vestigia
1264 3820 1398 3878 exstant
1419 3813 1453 3876 in
1476 3811 1638 3878 montibus
1660 3827 1693 3878 et
1712 3810 1863 3878 vallibus.
1905 3810 2081 3877 Praeterea
2101 3833 2214 3879 amnes
2239 3825 2304 3876 tra·
2416 3881 2417 3884 ,

464 3919 544 3986 dunt
565 3921 727 3988 simillima
749 3922 788 3988 de
817 3923 937 3993 diluuio
958 3927 1032 4011 illc,
1062 3929 1160 4018 idque
1183 3929 1368 3996 adscribunt
1395 3928 1596 4017 temporibus
1617 3929 1858 4017 antiquissimis.
1900 3924 1998 4005 Quod
2018 3930 2085 3994 iam
2108 3929 2307 4014 Graecorum
2416 3945 2417 3994 t

463 4036 582 4104 fabulis
602 4039 765 4106 illustrare
786 4041 892 4108 liceat.
936 4045 1085 4114 Vidimus
1106 4069 1205 4135 supra
1227 4047 1275 4135 (p.
1289 4053 1329 4112 41
1344 4049 1424 4133 ss),
1453 4061 1581 4114 veteres
1600 4047 1752 4135 periodos
1772 4065 1900 4135 quoque
1921 4043 2062 4131 planetis
2085 4047 2311 4132 mscfipsisse,
2416 4087 2417 4090 =

465 4166 532 4220 tum
554 4158 711 4241 minores,
740 4163 788 4224 vti
810 4161 880 4226 dies
902 4185 1084 4252 annosque;
1121 4180 1189 4232 tum
1211 4169 1368 4247 maiores,
1395 4167 1443 4231 vti
1464 4166 1632 4251 periodum
1656 4164 1821 4232 Sothicam
1843 4168 1924 4228 rtur
1950 4185 2104 4230 annornm
2132 4183 2313 4248 vagorum,
2416 4225 2417 4238 ,

464 4269 582 4358 quihus
603 4295 741 4360 regnare
765 4277 908 4344 dicerent
928 4279 1077 4366 planetas
1098 4283 1245 4369 singulos
1271 4286 1352 4371 ipsis
1373 4271 1576 4372 propositos]
1600 4298 1765 4371 tamquam
1785 4281 1886 4347 Deos.
1927 4279 2083 4346 Nouimus
2102 4281 2223 4362 cuam,
2248 4303 2335 4366 pe··

466 4390 574 4456 ricdcs
596 4391 742 4458 Sothicas
763 4398 908 4482 coepisse
930 4419 1014 4464 anno
1035 4404 1120 4466 4242
1143 4423 1173 4466 a.
1190 4399 1264 4482 Ch,
1287 4423 1371 4469 auno
1393 4403 1478 4469 2⁷82
1499 4424 1528 4468 a.
1542 4400 1616 4485 (Ἅι,
1638 4421 1722 4470 annu
1747 4404 1829 4464 1³22
1851 4421 1882 4464 a.
1896 4396 1967 4480 (Ἅι,
1989 4420 2072 4464 auno
2095 4399 2158 4463 139
2179 4419 2216 4484 p.
2231 4396 2312 4482 (Ἅι,

467 4527 551 4572 anno
576 4513 659 4575 1599
680 4533 713 4597 p.
736 4508 797 4577 Ch.
841 4512 911 4580 lam
932 4528 1060 4582 veteres
1081 4517 1227 4596 tradunt,
1249 4519 1342 4584 initio
1363 4521 1450 4606 (post
1471 4519 1654 4606 Diluuium)
1678 4539 1832 4605 regnasse
1849 4515 2020 4582 Saturnum
2043 4514 2134 4600 (ip),
2155 4514 2232 4580 hinc
2254 4515 2312 4580 lo·

466 4645 541 4688 vem
564 4625 651 4709 (2t)‚
680 4627 755 4693 hinc
779 4650 869 4696 arma
900 4647 934 4698 et
961 4635 1027 4700 rim
1052 4633 1142 4723 (d),
1175 4648 1210 4700 vt
1242 4633 1379 4702 Ouidius
1411 4641 1497 4704 canit
1526 4635 1619 4723 (Met.
1640 4637 1669 4703 1.
1686 4636 1789 4722 lim).
1837 4629 1968 4699 Procius
1997 4631 2096 4716 (Plat.
2114 4630 2202 4698 Crat.
2219 4631 2313 4716 MS.)

468 4745 609 4829 quinque
631 4744 726 4816 affert
747 4759 886 4814 aetates:
922 4752 950 4817 Ι.
974 4775 1126 4836 auream,
1154 4766 1342 4840 argenteam
1372 4769 1405 4821 et
1436 4777 1571 4823 aeneam
1593 4755 1637 4842 (i)
1661 4753 1783 4840 urm
1821 4749 1864 4818 ll·
1884 4750 2054 4816 heroicam
2078 4765 2111 4816 et
2132 4749 2316 4815 humanam

468 4858 516 4940 (Θ
537 4859 593 4942 ῼ).
636 4848 811 4946 Hesiodus,
835 4888 881 4931 ex
903 4881 1011 4934 aetate
1032 4871 1121 4938 louis
1143 4871 1293 4959 (Diodes.
1309 4871 1353 4942 V.
1369 4873 1450 4958 dh),
1473 4887 1613 4940 aetatem
1632 4871 1765 4938 Saturni
1786 4865 1936 4934 laudibus
1955 4867 2122 4950 cumulat,
2146 4881 2181 4931 vt
2200 4883 2318 4952 puste-

467 4972 569 5081 riores
594 4997 714 5046 ornnes.
758 4980 845 5048 ‘l'um
862 4983 972 5051 dicunt
992 5008 1147 5076 regnasse
1164 4993 1328 5076 pietatem,
1349 4995 1451 5058 vitam
1472 5013 1642 5078 moresque
1662 4987 1837 5076 simplices.
1880 4983 1964 5061 Quis
1985 4986 2169 5064 uouridet,
2191 4986 2251 5071 agi
2277 4985 2318 5048 de

467 5091 581 5176 primis
601 5108 675 5176 post
697 5097 865 5170 Diluuium
888 5103 1040 5188 saeculis,
1062 5129 1144 5194 quac
1166 5111 1328 5194 pertinent
1357 5111 1557 5196 adtprimasu
1578 5107 1746 5194 periodum
1768 5101 1934 5170 Sathicam
1956 5105 2004 5189 (p.
2018 5106 2099 5187 47.).
2141 5101 2316 5188 Regnante

468 5205 619 5291 Saturno,
645 5224 681 5275 rt
702 5213 877 5286 Pausanias
898 5225 999 5290 refert
1020 5224 1088 5310 (El.
1104 5227 1205 5311 prior.
1223 5247 1251 5292 c.
1270 5227 1333 5310 7.),
1357 5227 1520 5313 templum.
1535 5225 1758 5313 Olympiacam
1780 5232 1985 5310 exstructum
2004 5218 2191 5301 dicebatur,
2213 5230 2317 5304 atque
