4830 6102
1175 469 1542 552 -300--2

446 679 674 756 stitutum-quo
695 672 734 750 Θ
755 666 880 752 punctis
902 657 1188 748 aequinoctialibus
1210 662 1317 726 vernis
1337 664 1536 749 propinquus
1557 663 1660 744 esset,
1683 683 1862 749 quumque,
1885 665 2058 750 ingruente
2079 680 2195 750 nocte,
2219 669 2287 756 pla-

447 809 542 861 netae
562 789 647 854 cerni
669 793 811 868 possent.

533 909 616 973 Sunt
635 912 742 963 antem
763 894 922 982 permulta
942 908 976 960 et
1004 895 1113 976 vana,
1142 915 1226 980 quae
1249 915 1294 959 ex
1317 893 1600 960 obseruationibus
1623 908 1771 961 veterum
1793 895 2028 982 Aegyptiorum
2049 905 2286 986 astronomicis,

379 1083 383 1100 ,
450 1033 565 1117 qnippe
594 1015 821 1102 antiquissimis
845 1025 877 1076 et
897 1013 1183 1094 numerosissimis,
1212 1011 1320 1098 colligi
1340 1013 1475 1096 possint.
1520 1011 1636 1077 Omnis
1659 1015 1745 1078 enim
1776 1011 1993 1100 cosmologiae
2014 1028 2047 1078 et
2067 1022 2284 1087 astronomiae

449 1145 528 1208 haec
553 1151 601 1202 est
623 1135 727 1210 ratio,
755 1145 791 1196 vt
814 1131 940 1195 nonnisi
966 1149 1025 1214 per
1048 1130 1286 1216 antiquissimas
1308 1127 1551 1194 obseruationes
1577 1128 1696 1216 aliquid
1719 1131 1798 1193 certi
1819 1133 1970 1194 constitui
1991 1135 2096 1216 possit
2116 1135 2156 1200 de
2178 1151 2285 1202 muts·

448 1255 607 1335 tionibus,
639 1248 755 1340 quibus
776 1261 915 1332 systema
937 1259 1079 1312 nostrum
1102 1245 1229 1328 solare,
1252 1259 1290 1310 vt
1308 1245 1408 1333 vulgo
1431 1247 1564 1328 dicitur,
1598 1245 1778 1311 subiectum
1801 1249 1853 1312 slt.
1898 1247 1941 1312 Et
1957 1250 2067 1335 ¹primo
2087 1231 2284 1337 quidene‘ex

449 1367 728 1444 obseruationibus
749 1367 891 1430 siderum
913 1363 1122 1449 Aegyptiacis
1143 1369 1185 1426 ts
1216 1365 1462 1450 antiquissimis,
1489 1382 1569 1448 quas
1597 1365 1661 1430 iarn
1685 1363 1851 1429 consulere
1872 1362 1963 1444 licet,
1996 1364 2058 1431 boc
2077 1367 2195 1435 clarum
2222 1387 2283 1454 est,

450 1507 592 1581 systema
611 1484 812 1572 planetarum
831 1494 974 1546 nostrum
997 1500 1060 1543 uon
1083 1479 1130 1542 ita
1149 1478 1282 1543 multum
1300 1494 1456 1545 mutatum
1480 1499 1562 1558 esse,
1584 1481 1649 1544 imo
1667 1483 1782 1548 mirum
1800 1484 1835 1545 in
1854 1481 1985 1546 modum
2007 1483 2070 1548 sibi
2090 1490 2284 1556 constitisse.

450 1614 595 1680 Fuerunt
617 1607 701 1670 euim
723 1600 866 1688 prolecto
888 1599 942 1684 qui
964 1595 1191 1661 contenderent
1220 1611 1332 1662 eontra
1356 1597 1406 1662 La
1431 1595 1525 1662 Plane
1547 1611 1642 1684 atque
1665 1619 1792 1662 ornnem
1816 1601 2042 1664 astronomiam
2065 1601 2284 1691 theoreticam,

452 1743 557 1794 totum
579 1733 719 1807 systema
740 1688 885 1782 nostrum
907 1711 1014 1778 solare
1037 1717 1232 1778 mutationes
1256 1715 1533 1802 quammaximus
1555 1713 1705 1796 subiisse,
1729 1729 1762 1780 et
1782 1715 1835 1780 vel
1860 1719 2042 1803 nuperrime
2064 1725 2149 1788 serio
2170 1721 2286 1810 aliquis

446 1820 589 1933 probare
610 1837 751 1916 studuit,
790 1844 906 1897 terram
929 1841 1071 1894 nostrum
1096 1834 1395 1926 sempereminores
1416 1835 1534 1897 dacum
1556 1841 1591 1910 Θ
1617 1831 1798 1898 describere
1825 1834 1961 1901 circulos
1983 1836 2083 1918 ade-o,
2124 1853 2160 1903 vt
2185 1863 2286 1906 annus

450 1975 561 2028 noster
581 1975 667 2022 nunc
687 1948 835 2039 pluribus
855 1949 1043 2034 septimanis
1064 1945 1195 2012 breuior
1216 1951 1259 2014 sib
1279 1972 1378 2036 quam
1396 1971 1499 2014 eunus
1521 1960 1628 2014 aetate
1649 1947 1810 2016 Caesaris.
1855 1949 1947 2028 Quae
1968 1957 2076 2020 omnia
2097 1953 2184 2022 falsa
2207 1979 2285 2040 esse,

451 2099 536 2150 nunc
564 2075 634 2140 lere
656 2067 883 2135 mathematica
909 2067 1035 2130 ratione
1064 2077 1173 2152 potest
1195 2064 1418 2155 demonstrari.
1460 2068 1586 2132 Etenim
1611 2063 1683 2130 loca
1707 2064 1910 2152 planetarum
1938 2091 2044 2154 paene
2071 2076 2161 2136 4000
2187 2095 2287 2141 annos

453 2208 529 2264 ante
552 2204 696 2258 nostram
716 2199 855 2252 aemtern
877 2181 1050 2248 obseruata
1069 2185 1149 2247 satis
1171 2195 1319 2252 accurate
1339 2187 1542 2249 consentiunt
1562 2205 1634 2246 cum
1655 2185 1714 2264 iis,
1745 2205 1829 2270 quae
1850 2207 1910 2270 pro
1929 2185 1996 2252 illis
2012 2188 2221 2274 ¹temporibus
2242 2195 2288 2256 in-

451 2316 626 2382 veniuntur
646 2329 664 2369 e
685 2301 805 2369 tabulis
822 2303 943 2367 nostris
965 2301 1196 2365 astronomicis.
1239 2299 1295 2364 Ex
1310 2321 1372 2387 quo
1394 2303 1537 2386 sequitur
1558 2321 1646 2378 sane,
1664 2287 1805 2384 systema
1825 2300 2039 2388 planetarum,
2058 2309 2111 2370 cui
2131 2329 2192 2372 nos
2211 2308 2289 2374 snb·

450 2433 527 2498 lecti
549 2444 671 2505 sumus,
692 2424 727 2486 iu
748 2421 933 2484 uniuersum
956 2415 1019 2482 sibi
1040 2418 1156 2482 anisum
1178 2419 1212 2480 in
1232 2416 1361 2481 modurn
1385 2432 1543 2484 constare.
1587 2416 1632 2481 At
1652 2437 1731 2482 vero
1753 2415 1921 2504 probabile
1943 2435 2108 2512 astatque
2130 2447 2175 2490 ex
2198 2439 2289 2512 parte

452 2549 572 2615 dudum
593 2544 858 2619 demonstratum,
884 2533 1113 2600 mutationibus
1135 2532 1312 2600 minoribus
1333 2533 1511 2600 subiectum
1535 2555 1606 2600 esse
1626 2548 1767 2620 systema
1787 2548 1933 2602 nostrum
1954 2537 2069 2630 solare.
2114 2537 2290 2615 Quaeritur

452 2687 533 2756 quas
554 2662 592 2728 sd
613 2659 704 2746 leges
727 2653 879 2742 planetae
900 2665 934 2716 et
954 2653 1049 2717 Luna
1071 2663 1127 2716 aut
1143 2653 1293 2730 maiores,
1310 2666 1365 2717 aut
1384 2655 1536 2728 minores,
1557 2654 1627 2744 siue
1649 2639 1846 2732 constantes,
1869 2655 1940 2718 siue
1959 2656 2148 2741 periodicas,
2170 2659 2288 2724 descri-

453 2781 531 2848 bant
553 2772 688 2842 circulos
709 2775 828 2836 circum
853 2774 893 2854 Θ
915 2784 949 2836 et
976 2777 1023 2850 ὃς
1052 2767 1163 2857 quales
1185 2783 1218 2834 et
1243 2783 1382 2856 quantae
1408 2771 1472 2835 sint
1499 2769 1701 2856 planetarum
1723 2772 1862 2836 inuicem
1886 2770 2096 2847 turbationcst
2125 2773 2229 2858 qualis
2252 2791 2289 2839 et

454 2907 574 2986 quanta
599 2895 642 2956 sit
663 2891 762 2954 motio
785 2888 1004 2974 apheliorum,
1026 2885 1194 2966 nodorum,
1217 2888 1515 2962 excentricitatum3
1538 2903 1692 2974 quantum
1714 2887 1865 2956 secedant
1887 2903 2004 2975 puncta
2025 2890 2286 2987 aequinoctialis,

454 3020 644 3078 moueantur
664 3007 802 3070 inuicem
822 3004 937 3070 stellae
959 3004 1062 3083 fixae,
1091 3005 1223 3088 eiusque
1245 3006 1374 3088 generis
1396 3002 1474 3068 elia.
1515 3002 1607 3080 Quae
1629 3007 1737 3072 omniu
1764 3018 1813 3078 tot
1834 3019 1963 3092 tamque
1984 3008 2119 3094 antiquis
2137 3019 2286 3074 veterum

454 3121 736 3196 obseruationibus
756 3119 912 3188 illustrari
932 3144 1051 3208 posse,
1080 3141 1175 3186 nemo
1199 3133 1307 3206 neget.
1351 3120 1404 3186 Sic
1422 3119 1629 3208 Hipparchus
1650 3125 1792 3210 antiquis
1816 3123 2096 3194 obseruationibus
2123 3145 2289 3212 compara·

456 3249 499 3310 tis
522 3243 647 3308 inuenit
674 3245 834 3307 rationem
863 3261 1012 3306 recessm
1039 3251 1229 3326 punctorum
1260 3238 1558 3326 aequinoctialium
1590 3241 1636 3304 sic
1657 3240 1708 3306 La
1729 3239 1875 3307 Loudias
1897 3254 2083 3328 comparato
2105 3241 2293 3330 Hipparcho

457 3376 583 3446 tempus
599 3361 675 3422 anni
696 3357 812 3422 solaris
831 3359 1067 3422 accuratissime
1088 3354 1249 3431 definiam
1275 3358 1321 3422 sic
1338 3355 1497 3440 Helleyus
1511 3347 1777 3424 accelerationem
1799 3379 1911 3432 cursus
1936 3366 1963 3435 ὶ
1989 3359 2126 3426 detexit.
2170 3360 2295 3448 Vtique

455 3497 534 3542 vero
562 3477 739 3540 astronomi
760 3475 862 3539 nostri
884 3473 1078 3560 respondent
1099 3473 1139 3540 ad
1162 3475 1366 3560 quaestiones
1385 3473 1475 3554 illas;
1497 3477 1553 3539 sed
1567 3475 1815 3555 concedendum,
1842 3498 1898 3543 eos
1918 3477 1978 3543 niti
1999 3473 2296 3555 obseruationibus,

454 3615 537 3682 qnae
559 3594 680 3680 partim
702 3588 805 3656 tribus
828 3603 1008 3677 quatuorue
1030 3612 1186 3658 annorum
1208 3592 1350 3658 millibus
1372 3595 1437 3659 sint
1464 3594 1627 3674 iuniores,
1657 3613 1754 3679 quam
1783 3590 2029 3660 obseruationes
2052 3615 2137 3660 nunc
2163 3594 2296 3662 demum
2359 3575 2362 3580 Ι

453 3723 612 3798 repertae.
642 3708 717 3774 Huc
739 3708 929 3774 relerendae
950 3722 1025 3774 snut
1045 3714 1490 3798 cometarum'apparitioues.
1521 3708 1629 3786 Quum
1648 3712 1735 3775 enim
1756 3725 1901 3776 cometae
1919 3715 2097 3800 antiquitus
2112 3733 2173 3798 pro
2191 3715 2297 3800 signis

454 3829 571 3893 diuinis
592 3823 764 3908 valuerint,
786 3828 988 3913 praesertim,
1013 3841 1049 3892 vt
1073 3841 1218 3892 veterum
1239 3825 1315 3893 libri
1328 3830 1532 3894 astronomici
1554 3840 1732 3910 testantur,
1753 3829 1838 3913 epod
1854 3827 2054 3916 Aegyptiost
2075 3853 2141 3896 uon
2160 3829 2297 3896 dubium

455 3957 517 4025 est,
541 3943 617 4030 quin
640 3944 737 4007 etiam
760 3957 956 4008 cometarum
977 3942 1050 4011 locs
1069 3947 1104 4009 in
1126 3946 1342 4008 monumentis
1364 3966 1474 4009 eorum
1497 3947 1721 4020 astronomicis
1741 3964 1896 4030 expressa
1918 3946 2050 4014 fuerim.
2093 3946 2168 4023 Quo
2187 3949 2301 4014 rarius

455 4083 532 4128 sero
554 4071 698 4126 cometae
719 4063 754 4126 in
767 4059 933 4126 hominum
952 4060 1101 4126 obtutum
1123 4064 1267 4144 veniunt,
1288 4083 1395 4150 quoue
1416 4058 1575 4128 difficilius
1600 4084 1711 4128 eorum
1729 4065 1879 4130 circuitus
1902 4077 1937 4130 et
1959 4064 2081 4130 reditus
2103 4079 2306 4150 computan-

454 4195 527 4255 tur3
552 4201 591 4246 eo
614 4181 747 4265 grauius
769 4193 866 4260 emet,
887 4180 1032 4243 inuenire
1053 4193 1261 4245 monumenta
1283 4181 1474 4266 antiquiora,
1496 4180 1612 4267 quibos
1633 4195 1829 4248 cometarum
1846 4180 1919 4248 loca
1942 4181 2120 4268 significata
2141 4193 2306 4252 exstent.

455 4295 574 4378 blisum
598 4315 677 4362 vero
702 4307 804 4371 esset,
841 4297 871 4359 si
895 4298 929 4362 iu
952 4309 1044 4361 tanta
1068 4311 1345 4364 monumentomm
1367 4301 1654 4364 astronomicorum
1680 4297 1887 4366 multitudine
1907 4321 1973 4366 non
1996 4310 2161 4365 exstarent
2190 4298 2308 4370 buius

453 4435 581 4502 quoqne
596 4415 725 4500 generis
736 4411 990 4486 obsemationes.
1032 4411 1251 4478 Subsistemus
1261 4417 1300 4482 in
1316 4435 1367 4496 eo,
1385 4415 1468 4501 quod
1482 4437 1531 4482 ex
1547 4419 1763 4482 monumentis
1780 4419 1899 4490 nocuis
1912 4415 2133 4484 ssuonomicis
2146 4419 2306 4488 conferri

455 4534 558 4626 possit
579 4531 620 4595 ed
640 4530 730 4618 leges
750 4531 982 4597 astronomicas
1003 4543 1037 4594 et
1057 4529 1286 4618 coemologioss
1307 4530 1462 4596 hactenus
1485 4536 1631 4618 cognitas
1653 4547 1710 4600 sut
1723 4533 1964 4613 confirmandas,
1987 4545 2046 4598 eut
2066 4537 2304 4633 corrigendas.

454 4646 565 4726 Quare
587 4669 670 4732 opus
700 4657 750 4714 e‘et
777 4661 851 4714 ante
875 4651 983 4716 omnia
1007 4669 1195 4734 comparare
1217 4647 1288 4714 loca
1318 4645 1521 4734 planetarum
1545 4651 1723 4736 antiquitus
1745 4651 1916 4720 obscurata
1941 4670 2015 4714 cum
2038 4652 2309 4723 accuratioribus

453 4762 758 4854 computationibus.
799 4766 891 4832 Loca
911 4765 1112 4853 planetarum
1136 4788 1194 4853 pro
1221 4779 1366 4852 tempore
1397 4779 1430 4831 et
1451 4765 1523 4830 loco
1545 4768 1583 4830 in
1603 4772 1820 4836 monumentis
1840 4768 2050 4855 Aegyptiacis
2070 4768 2216 4835 indicatis
2238 4793 2309 4837 ac-

455 4897 563 4948 curate
586 4883 759 4949 secundum
780 4883 831 4948 La
852 4885 967 4948 Laude
987 4897 1184 4969 computata,
1206 4905 1289 4971 quae
1312 4903 1449 4970 sequens
1472 4880 1583 4950 tabula
1604 4883 1751 4967 exbibet,
1775 4883 1875 4951 debeo
1899 4885 2004 4950 antibo
2027 4885 2070 4950 V.
2086 4883 2126 4950 C.
2148 4884 2210 4952 Fr.
2227 4886 2310 4956 Ed.

460 4995 604 5077 tiene,
627 5001 710 5068 Phil.
734 5001 831 5067 Doct.
851 4999 917 5066 Att.
942 5001 1011 5066 Art.
1032 5000 1135 5088 Mag,
1159 5001 1315 5089 speculae
1337 5002 1499 5088 Lipsiensi
1526 5000 1689 5067 adiuncto.
1731 5003 1828 5070 Patet
1849 5001 2090 5108 obseruationes
2110 5001 2193 5070 dass
2215 5005 2310 5090 illas

456 5118 692 5182 recentissimas
713 5120 794 5186 nihil
815 5120 934 5186 valere.
966 5120 1177 5186 Differentiae
1200 5122 1284 5186 inter
1307 5121 1456 5208 antiquus
1475 5116 1716 5184 obscmationes
1738 5134 1837 5208 atquc
1860 5119 2116 5208 computationes
2136 5126 2308 5200 constitui

455 5234 512 5316 lta,
536 5245 571 5297 vt
591 5231 750 5320 planetas,
775 5261 910 5324 quorum
930 5237 1098 5324 longitudo
1119 5261 1181 5306 non
1205 5243 1383 5306 accuratius
1405 5233 1536 5302 definita
1557 5239 1611 5319 sit,
1636 5239 1742 5304 medio
1762 5241 1796 5304 in
1817 5238 1924 5326 gradu
1943 5246 2107 5324 ponerem.
