4904 6100
910 569 1279 652 -203....

164 767 218 834 illa
234 761 347 852 perri)
368 761 479 826 emnia
499 757 633 823 zodiaci
652 757 923 824 Dedecatemeria
944 759 1098 837 exhibet3
1128 765 1161 828 in
1185 761 1318 852 reliquis
1340 787 1430 845 vere,
1454 765 1575 836 scilicet
1593 767 1622 834 E
1644 783 1677 834 et
1696 771 1734 854 F,
1756 775 1890 842 eaedem
1911 775 1994 868 sign.

163 905 231 964 rae,
248 879 449 966 paucissimis
472 877 630 962 exceptis,
655 889 863 961 repetuntur;
896 889 993 963 etque
1017 901 1062 942 ex
1076 879 1235 967 analogia
1265 881 1394 968 expleri
1418 898 1555 972 pereunt
1577 884 1712 952 lacunae
1736 891 1846 969 ortae,
1879 893 1993 964 saltem

163 1002 298 1084 inparte
318 997 471 1061 aduersa.
514 991 579 1058 Sed
598 993 664 1056 iarn
684 995 764 1058 satia
784 1013 945 1080 nuperque
967 994 1008 1058 dc
1030 995 1125 1062 huius
1148 1000 1263 1084 papyri
1282 1004 1420 1087 origine.
1464 999 1593 1066 Addere
1606 1001 1692 1085 licat,
1713 1003 1798 1070 hunc
1810 1028 1882 1074 esee
1900 1013 1994 1096 quie·

162 1129 222 1180 tam
242 1113 418 1180 zodiacum
444 1109 688 1196 Aegyptiecum,
715 1131 852 1197 eumque
874 1113 1017 1179 emnium
1039 1113 1148 1178 forsan
1170 1118 1416 1202 grauissimum,
1440 1139 1536 1205 quum
1556 1116 1645 1184 selus
1673 1120 1725 1186 hic
1744 1121 1900 1190 Demieer
1922 1128 1992 1193 XII
2091 1151 2096 1160 ’

161 1229 343 1318 Signemm,
375 1229 498 1315 passim
528 1238 561 1290 et
583 1222 881 1312 'l'rigenedeapetas
910 1241 1006 1315 atque
1035 1227 1374 1320 Tetragenedaapetas
1402 1233 1575 1318 exhibeat,
1604 1239 1729 1300 ratione
1752 1237 1993 1330 hieroglyphice

162 1369 194 1412 ac
214 1351 358 1435 genuine
387 1365 585 1432 expresses,
615 1344 752 1429 ideoque
780 1342 903 1408 elecem
930 1351 1148 1412 astronomiae
1181 1349 1401 1436 Aegyptiacae
1429 1349 1540 1416 valeat
1557 1355 1601 1436 Ι).
1645 1349 1794 1440 Quinque
1819 1357 1888 1422 iere
1916 1363 1992 1426 anni
2039 1387 2043 1394 ·

162 1463 256 1552 elapsi
277 1476 375 1546 sunt,
398 1485 444 1528 ex
468 1483 531 1549 que
551 1464 584 1525 iu
611 1459 785 1526 Zediaenm
805 1459 897 1526 illum
917 1462 1032 1544 ineidi3
1062 1465 1118 1528 aed
1143 1487 1205 1530 nen
1229 1465 1335 1546 valui,
1358 1467 1441 1554 quod
1463 1471 1573 1533 amicis
1594 1470 1821 1555 promiseram,
1843 1478 1932 1562 prius
1952 1478 1992 1544 de

161 1581 210 1648 ille
237 1593 448 1652 monumento
483 1592 579 1666 atque
609 1577 649 1642 de
679 1576 777 1642 rebus
803 1577 1038 1664 Aegyptiorum
1073 1585 1296 1647 astronomicis
1332 1587 1365 1648 in
1395 1605 1514 1670 genere
1550 1584 1669 1672 aliquid
1699 1588 1802 1654 literis
1831 1593 1994 1660 mandare.

162 1671 423 1776 Satieiaeiendum
452 1696 533 1760 milri
560 1695 622 1760 luit
649 1693 721 1758 aliie
743 1691 857 1759 officiis
883 1695 1105 1781 grauioribus,
1136 1711 1231 1785 atque
1260 1699 1367 1763 studia
1398 1721 1471 1764 mea
1498 1700 1649 1768 lexicalia
1672 1719 1706 1771 et
1726 1709 1992 1794 grammaticalia,

164 1830 229 1880 tum
249 1815 396 1902 Coptica,
418 1829 483 1878 tum
505 1811 722 1898 Aegyptiace,
747 1810 863 1898 quibus
885 1814 1088 1898 potissimum
1110 1817 1308 1902 antiquitatis
1330 1816 1549 1902 Aegyptiacae
1571 1820 1710 1887 etodium
1733 1825 1791 1888 niti
1811 1824 1991 1912 videbatur,

164 1953 229 2000 nen
249 1934 402 2019 exiguam
422 1931 575 2024 temporie
597 1929 738 2014 epatium
757 1927 837 1994 milri
860 1931 1104 2015 praeripuerunt
1125 1932 1170 2018 ⁴).

611 2129 830 2232 neptean'o
857 2130 1018 2206 Zedt'ooo‘
1033 2131 1265 2232 Aegyptiaci
1288 2133 1544 2210 Tnacrtiacnot'a.

252 2283 330 2354 Tab.
344 2283 406 2351 lll.
426 2279 489 2348 Ne.
502 2279 547 2346 ll.
561 2278 603 2345 A.
633 2278 742 2344 Primo
763 2277 816 2343 hic
837 2278 939 2346 habea
960 2281 1125 2364 circulum,
1148 2304 1211 2369 quo
1227 2281 1397 2366 Zediaeua,
1418 2285 1489 2349 siue
1507 2283 1632 2350 coelum
1653 2283 1863 2374 significatur.
1898 2288 1997 2358 Orbis

170 2405 253 2466 enim
275 2407 309 2468 in
339 2401 443 2466 madio
472 2395 590 2462 circulo
613 2397 737 2482 pesitus
765 2397 870 2462 innuit
894 2411 1053 2484 terrarum
1079 2399 1209 2474 erbemt
1240 2415 1364 2486 septem
1388 2422 1467 2465 vare
1495 2400 1554 2466 illa
1574 2415 1693 2487 puuote
1716 2405 1801 2468 inter
1823 2419 1943 2471 terram
1963 2423 1997 2474 et

167 2515 334 2584 zodiacum
356 2531 429 2584 aeut
448 2525 573 2600 neptem
594 2509 755 2597 planetae.
792 2512 946 2600 Aegyptii
961 2519 1057 2628 enirn,
1071 2539 1108 2582 ae
1128 2529 1256 2582 veteres
1277 2537 1390 2582 omnes
1412 2529 1532 2580 terram
1551 2518 1709 2602 putabant
1729 2522 1905 2604 quiescere,
1928 2524 1998 2608 pla·

169 2648 257 2702 natan
275 2657 352 2703 vcro
374 2636 497 2722 pariter
523 2644 619 2716 atque
645 2627 770 2694 coelum
791 2629 931 2698 fluminis
951 2635 1053 2698 instar
1075 2636 1192 2698 circum
1216 2649 1335 2698 terram
1358 2636 1492 2698 moueri.
1535 2633 1704 2699 Simillima
1725 2649 1774 2700 eet
1795 2637 1997 2706 adumbratio

167 2757 347 2836 systematis
368 2753 573 2841 planetarum
604 2746 796 2831 Aegyptiaci
825 2749 857 2811 in
887 2770 985 2814 nume
1014 2771 1059 2814 ex
1088 2763 1194 2816 aetate
1218 2751 1427 2836 Imperatoris
1451 2748 1606 2815 Antonini
1634 2750 1831 2836 Aegyptiace
1848 2753 1891 2836 ⁵).
1934 2753 1997 2822 Hie

166 2884 286 2956 neptem
308 2869 448 2958 planctis
466 2878 592 2952 septem
615 2861 773 2947 Cabyrea,
796 2865 866 2928 siue
886 2867 1032 2930 maxime
1053 2879 1198 2931 veterum
1220 2869 1371 2943 numina,
1393 2865 1509 2952 quibua
1530 2881 1617 2932 terra
1637 2879 1673 2931 vt
1694 2880 1828 2932 eotenus
1849 2868 1995 2957 Cabyrus

164 2989 304 3072 accedat,
328 2963 519 3074 aigrdliccri,
541 3003 640 3068 cupra
662 2981 818 3044 monitum
841 2993 899 3046 est.
942 2981 1155 3048 Luculentiue
1176 2982 1255 3047 haee
1273 2985 1409 3070 exponit
1428 2982 1513 3050 Tab.
1531 2984 1592 3051 111.
1617 2982 1680 3050 Ne.
1697 2985 1724 3050 Ι.
1742 2984 1783 3050 A.

248 3104 333 3172 ll'ab.
350 3103 412 3170 lll.
435 3099 557 3168 Nell.
573 3097 613 3165 B.
656 3096 747 3164 Idem
767 3095 899 3162 Zediaci
921 3095 1060 3162 circulum
1081 3089 1154 3162 cum
1170 3071 1433 3187 iedice’quatner
1451 3101 1643 3188 angulorum
1666 3122 1723 3166 eeu
1742 3100 1918 3188 cardinum,
1936 3110 1998 3172 nei·

162 3225 244 3288 lieet
256 3235 448 3308 punctorum
470 3212 750 3304 aequinoctialium
773 3227 806 3278 et
828 3213 1099 3298 sclrrrrtdiumt).
1143 3215 1315 3282 simillima
1337 3221 1464 3284 ratione
1485 3234 1613 3285 veteres
1635 3220 1812 3284 astronomi
1824 3217 1999 3290 Zedia'cem

167 3353 272 3425 etque
290 3342 361 3404 eius
390 3334 536 3399 cardines
562 3331 788 3397 adumbrarunt
806 3333 850 3417 ²).
894 3330 1097 3422 Quamquam
1128 3339 1212 3400 anim
1240 3357 1382 3423 pepyma
1407 3336 1469 3402 hac
1497 3339 1531 3402 in
1555 3349 1647 3423 parta
1670 3333 1785 3400 mutila
1812 3351 1878 3426 est,
1905 3339 2001 3406 facile

168 3469 284 3520 tamen
302 3453 437 3518 lacuaee
457 3449 626 3536 explentur
651 3471 696 3514 ex
717 3451 769 3530 iis,
792 3469 875 3534 quoe
896 3467 1078 3538 supersunt.
1109 3453 1309 3519 Puncta—aut
1329 3456 1490 3539 regiones,
1515 3468 1572 3519 aut
1592 3466 1707 3518 venter
1728 3454 1897 3539 primarios
1919 3457 2001 3522 indi·

168 3593 253 3638 eere
272 3571 427 3636 videnter.
470 3565 605 3634 Coeatat
626 3569 711 3630 eninr
734 3565 774 3629 dc
790 3565 922 3632 Zediaei
943 3569 1099 3636 diuisione
1116 3573 1148 3636 in
1173 3575 1214 3634 32
1236 3584 1269 3634 et
1286 3575 1329 3634 et
1349 3587 1471 3658 partes.
1514 3571 1699 3637 Poueta'24
1719 3567 1835 3632 circulo
1856 3567 2001 3654 ecliptico

165 3690 280 3754 vicina
292 3690 351 3752 vix
366 3685 461 3770 aliud,
478 3707 573 3773 quarn
590 3689 632 3749 24
647 3683 746 3748 herae
767 3684 920 3749 eidericae
941 3685 1124 3772 significare
1144 3701 1279 3774 possunt
1298 3688 1341 3771 ⁸).
1384 3687 1536 3754 Totidem
1557 3689 1642 3751 euim
1655 3695 1730 3748 aunt
1748 3696 1867 3767 punctu
1888 3705 2002 3754 necun-

168 3805 251 3869 dom
272 3819 394 3892 partem
416 3803 526 3872 circuli
548 3813 785 3881 conterentem,
808 3814 904 3888 atque
926 3817 1053 3870 constat
1076 3805 1116 3870 de
1137 3808 1263 3872 ratione
1285 3805 1448 3870 Horarum
1470 3807 1505 3868 iu
1526 3801 1749 3867 astronomicis
1769 3797 2001 3874 obseruationi-

163 3921 230 3988 bus
251 3921 410 3988 habenda.

251 4041 327 4108 'l’ab
341 4037 404 4106 Ill.
433 4037 497 4105 Ne.
512 4037 557 4103 Il.
576 4033 615 4100 C.
660 4030 872 4100 Conetcllatie
897 4035 964 4103 Vll
986 4039 1192 4106 Plenetarum
1218 4037 1391 4103 secundom
1413 4033 1579 4122 Trigeoa,
1600 4031 1788 4120 Tetrageue
1815 4055 1860 4099 ax
1887 4035 2003 4102 Hexa-

163 4183 263 4246 gena.
309 4158 443 4244 Septem
465 4157 551 4219 euim
572 4151 720 4219 stellulae
734 4171 887 4216 reeaceae
908 4167 1033 4240 septem
1056 4154 1204 4242 planetae
1227 4151 1422 4241 significant,
1445 4162 1539 4240 atque
1564 4159 1604 4216 12
1625 4148 1791 4227 Quadrata
1810 4148 1861 4214 bis
1882 4151 1935 4218 val
1955 4165 2005 4218 ter

166 4277 332 4363 adscripta
355 4280 395 4339 ta
416 4274 512 4360 signa
534 4268 697 4336 coelestia.
739 4267 867 4333 Scilicet
887 4282 980 4336 terea
997 4269 1164 4348 Quadrata
1186 4277 1312 4336 ll-l4
1334 4258 1517 4336 acro-re
1536 4291 1575 4334 ea
1589 4271 1682 4351 sigua
1702 4268 1900 4352 exprimunt,
1923 4273 2006 4356 quae

169 4393 295 4458 ratione
305 4389 527 4480 Trigenerum
544 4390 683 4454 inuicem
701 4407 737 4452 ae
752 4385 943 4472 adspiciunt,
965 4400 1061 4475 atquc
1077 4403 1232 4478 quaterna
1246 4385 1414 4465 Quadrata
1429 4386 1542 4452 eadem
1557 4382 1770 4448 horizontalia
1783 4397 1920 4470 quatuor
1942 4399 2007 4452 ter·

168 4527 293 4574 ararum
309 4520 537 4595 tempestatum
558 4509 670 4595 aigne,
694 4508 734 4577 de
756 4526 820 4592 que
842 4507 951 4570 atatim
971 4505 1085 4572 iasine.
1129 4505 1235 4584 Quum
1259 4527 1338 4573 vere
1359 4503 1583 4592 grauissimum
1606 4513 1691 4564 esset
1710 4502 1744 4564 in
1764 4513 1911 4568 veterum
1932 4524 2007 4570 oon·

242 4757 276 4825 1)
302 4758 436 4829 Quatoor
459 4759 668 4830 Aegyptiorum
695 4759 812 4814 zodiaci
837 4756 976 4814 irectenee
998 4760 1113 4813 tenenti
1135 4767 1203 4816 aaut
1228 4757 1277 4815 iri:
1307 4760 1334 4822 1)
1353 4753 1552 4824 Tantyrltlcee
1576 4754 1672 4807 mloer
1693 4767 1770 4807 nunc
1793 4753 1824 4805 ln
1846 4755 1921 4809 Bibl.
1940 4753 2009 4826 Bag.

164 4845 265 4898 Petis.
281 4841 351 4895 Vid·
366 4840 551 4913 Descriptieu
573 4847 607 4902 de
618 4841 834 4918 l'Egypte.'Vel
849 4841 899 4896 tv.
918 4846 953 4898 'l'-
969 4845 1014 4898 22.
1038 4847 1067 4909 ²)
1086 4845 1285 4913 Tentyriticue
1302 4842 1403 4896 maior.
1419 4841 1462 4896 lt.
1478 4837 1545 4894 Vel.
1562 4837 1611 4892 tv.
1629 4839 1664 4895 T.
1677 4839 1719 4894 le.
1738 4839 1773 4904 ,3)
1791 4837 2010 4908 Latopolitanua

165 4930 216 4983 lb.
239 4927 310 4981 Vol.
327 4928 350 4981 1.
367 4928 439 4982 Tab.
454 4929 498 4983 et.
520 4931 550 5000 l)
567 4931 721 4987 Thebanus
738 4927 910 4996 sepulcralia
927 4929 968 4982 lb.
987 4928 1051 4982 Vol.
1067 4929 1104 4982 ll.
1121 4929 1193 4982 Ταῦ.
1207 4927 1251 4981 82.

244 5011 275 5082 4)
295 5009 359 5066 vid.
377 5014 427 5067 Fr.
445 5015 518 5084 Aug.
536 5018 615 5074 Gall.
636 5015 733 5088 Spolia
749 5013 795 5068 De
818 5013 919 5083 lingue
936 5019 967 5066 et
983 5012 1079 5066 literis
1102 5018 1232 5067 veteram
1250 5003 1459 5077 Aegyptiorum
1481 5011 1536 5062 cet.
1554 5005 1621 5064 Vel.
1633 5005 1671 5058 li.
1690 5003 1841 5060 Prodrem.
1867 5005 2011 5070 Praelatio

163 5114 240 5157 mee
316 5097 387 5152 .1v.
406 5105 438 5154 et
453 5097 491 5156 V.

241 5113 408 5252 ilfllglupuie
431 5185 551 5262 Origine
571 5186 606 5238 de
622 5191 690 5240 teuc
707 5186 750 5237 lec
771 5181 869 5235 Cuitce
890 5179 955 5235 Vel.
972 5181 995 5238 l.
1014 5181 1087 5235 Tab.
1100 5180 1127 5232 2.
1144 5195 1171 5251 p.
1186 5179 1247 5236 1¹18.
1270 5179 1402 5234 Kreaser
1420 5175 1567 5249 Symbelic
1583 5173 1655 5228 Tab.
1669 5171 1719 5228 Vl.
1738 5171 1865 5266 milii.

238 5269 272 5333 e)
292 5267 368 5323 vrrs
388 5257 477 5338 cupra
494 5269 564 5323 Pars
577 5271 601 5322 r.
620 5273 645 5331 t·
661 5270 704 5324 aa.
723 5285 742 5338 p
768 5269 812 5320 ea.
1758 5299 1759 5304 ,

238 5355 271 5420 ‘ll
288 5354 436 5408 firmicus
456 5353 555 5409 1..1rr.
573 5372 600 5424 p.
616 5355 660 5406 ii.
681 5353 715 5408 1..
731 5353 783 5406 vt.
800 5369 827 5423 p.
842 5353 900 5410 lii).
920 5351 964 5409 al..
977 5350 1045 5408 Bae.

241 5441 275 5507 8)
293 5441 363 5498 Viti.
381 5453 473 5509 supro
491 5439 521 5496 P.
538 5441 561 5494 l·
585 5440 613 5509 i·
631 5437 674 5498 η
697 5453 725 5508 P·
738 5437 782 5492 Ἄ·
902 5418 961 5551 sl
1552 5505 1644 5573 ΟΜ
