4902 6096
1192 521 1277 538 ....
1299 458 1416 544 ‘tlt
1473 519 1559 541 ...-

475 664 648 756 quaen,
677 655 850 727 mnndum
874 650 964 747 veum
985 665 1131 721 nouarum
1152 651 1322 738 vulgarem
1339 649 1382 734 (Ι.
1398 655 1431 731 ἦ.
1448 653 1501 718 37.
1516 673 1550 737 p.
1566 653 1647 735 41.)
1689 649 1748 716 Sol
1771 671 1870 736 vero,
1898 673 1998 741 quum
2016 659 2054 722 ἰι
2084 665 2116 735 2
2141 677 2298 748 mum,

472 783 557 847 eirea
574 773 742 855 'rum-
759 770 817 857 uli
834 783 1037 853 utponomua
1061 781 1171 834 notter
1192 769 1338 854 adripuit,
1367 766 1478 854 paullo
1498 782 1575 858 poet
1594 769 1722 836 initium
1741 769 1843 838 leorae
1864 774 2020 857 septimae
2040 773 2169 841 mmum
2190 783 2301 848 oritur.

474 862 809 977 Atv'e100‚qnnu
829 885 960 955 Arabio
980 875 1183 966 naaeerffir,
1203 882 1372 973 longitudo
1395 898 1465 952 orat
1494 893 1526 964 φ
1555 887 1615 950 13ο
1638 885 1710 962 13’;
1738 907 1817 975 ergo
1838 886 2006 978 longitudo
2027 891 2211 982 Bommopi
2232 917 2302 964 ω,
2357 881 2359 886 ’

473 1012 611 1082 debebat
646 1011 765 1088 113ο
790 1003 844 1070 23‘
866 1010 911 1082 4.
928 1048 937 1068 .
952 1036 987 1068 ω.
1003 1045 1037 1068 ..
1080 1003 1124 1068 Et
1151 1004 1229 1070 ste
1254 1013 1407 1068 nascente
1434 999 1607 1070 Anubione
1632 1001 1867 1094 homeeopaeae
1893 1006 1948 1074 rel
1971 1021 2061 1074 ortua
2089 1029 2162 1075 eaeo
2189 1013 2302 1080 dicim

472 1131 592 1224 gradu:
610 1126 782 1213 Sugiunii
799 1123 945 1189 deoimua
964 1122 1104 1207 qmntua,
1125 1121 1276 1186 nimirum
1299 1123 1319 1186 8
1341 1121 1472 1186 minutia
1493 1133 1568 1186 aute
1586 1131 1692 1188 ortam
1712 1123 1763 1206 Θ.
1805 1124 1861 1190 Ex
1877 1145 1941 1212 quo
1960 1123 2083 1191 elerum
2097 1141 2157 1209 ert,
2178 1127 2301 1199 Home-

473 1270 590 1338 oopum
611 1244 673 1310 diei
701 1243 740 1306 de
762 1237 859 1306 atella
885 1251 972 1302 certo
995 1239 1134 1324 quodam
1160 1247 1304 1322 tempore
1325 1239 1360 1301 in
1384 1236 1504 1302 oiroulo
1526 1235 1672 1322 ecliptioo
1693 1241 1828 1306 oriente.
1871 1239 2024 1308 Ceterum
2046 1261 2105 1328 per
2126 1264 2162 1308 ae
2183 1247 2300 1314 intelli·
2358 1265 2362 1276 ·

470 1373 569 1458 gitur,
592 1370 692 1454 quum
711 1361 745 1422 iu
767 1353 989 1422 manu-nim
1003 1353 1212 1446 Horoaoopaa
1234 1371 1292 1416 eeu
1313 1350 1408 1415 atella
1427 1354 1534 1416 orient
1555 1351 1725 1437 iudicatur,
1746 1357 1821 1422 inde
1836 1370 1974 1443 tempus,
1996 1376 2060 1444 qua
2082 1359 2200 1447 aliquid
2220 1370 2300 1432 anei.

470 1487 558 1549 diaeo
585 1487 757 1555 narratur,
796 1493 893 1559 quam
914 1471 1151 1537 aooaratiaaimo
1173 1467 1354 1552 computari
1383 1487 1490 1554 poaae.
1534 1466 1742 1554 Horoaoopua
1763 1475 1848 1535 enim
1873 1495 1937 1540 non
1965 1473 2071 1540 eoluar
2099 1475 2210 1559 horne,
2240 1483 2296 1546 aa

473 1603 569 1666 etiam
592 1597 730 1662 minutae
751 1600 784 1652 et
802 1589 960 1673 secundae
981 1587 1102 1653 indieat
1121 1588 1190 1648 eiua
1214 1585 1289 1664 diei,
1313 1603 1376 1669 quo
1397 1597 1485 1650 aetra
1506 1582 1765 1652 obteruarenter.

556 1711 609 1779 De
628 1707 762 1794 reliquia
791 1706 935 1770 terminia
964 1701 1066 1766 libelli
1093 1703 1196 1766 noatri
1224 1701 1432 1766 aauonomioi
1454 1702 1573 1788 quippe
1594 1701 1815 1790 astrologicis,
1844 1707 1902 1789 qui
1921 1715 2078 1768 uouentem
2108 1717 2297 1790 γαμοπολος

470 1838 551 1914 siue,
571 1829 657 1916 quod
676 1823 851 1892 mlemuiua
874 1831 941 1900 eat,
964 1821 1065 1899 donec,
1091 1837 1241 1900 masaa,
1261 1839 1507 1902 μεσουρανημο,
1530 1813 1666 1904 inune,
1688 1823 1797 1903 aippoe
1815 1843 1933 1904 τνχης,
1954 1819 2102 1889 dominae
2123 1827 2295 1909 gnitum,

470 1966 590 2034 operae
610 1961 677 2006 non
697 1939 837 2024 pretiam
859 1949 909 2002 eat
929 1933 1034 1999 oleum
1057 1935 1203 2024 perdere.
1248 1931 1377 2002 Nulliua
1400 1935 1487 2002 euim
1507 1935 1612 2024 frugit
1639 1948 1717 2002 tamt
1740 1938 1897 2002 eiutmodi
1917 1940 2060 2024 ineptiae
2079 1939 2294 2027 aatrologiuae

472 2063 629 2128 Ceteram
650 2057 731 2119 aetia
750 2071 910 2140 nuperque
935 2053 976 2116 de
998 2054 1039 2117 iia
1061 2052 1179 2118 dictum
1200 2072 1298 2138 aupra
1319 2052 1362 2137 (l.
1381 2053 1411 2129 i.
1429 2059 1483 2122 28.
1502 2061 1534 2137 fl.
1547 2059 1602 2120 44.
1619 2077 1652 2140 p.
1664 2055 1720 2122 at.
1739 2057 1816 2136 34.)

1188 2287 1247 2362 ffl.
1276 2265 1596 2390 Computote'o'.
1729 2349 1733 2358 .

561 2463 735 2542 Quaeritur
756 2462 838 2540 iam,
861 2479 924 2544 quo
949 2472 1109 2544 tompore,
1132 2460 1205 2526 eiua
1222 2463 1400 2526 accuratius
1419 2509 1428 2542 ,
1450 2484 1512 2549 quo
1535 2482 1638 2544 anno,
1667 2483 1731 2550 quo
1751 2481 1880 2542 menae,
1910 2481 1974 2547 quo
1996 2461 2065 2542 dia,
2095 2483 2224 2549 quaque
2243 2463 2296 2528 diei

419 2641 428 2658 ,
476 2587 555 2650 hora
577 2596 701 2669 neptem
721 2576 871 2664 planetae
894 2596 933 2638 aa
953 2573 1084 2640 Zodiaoi
1105 2575 1177 2640 looa
1200 2581 1444 2664 occupauerint,
1469 2601 1553 2668 quoe
1573 2579 1703 2645 libellua
1723 2594 1831 2646 noster
1852 2578 1981 2643 indicat.
2024 2573 2120 2652 Quot
2143 2583 2229 2646 enim
2248 2603 2296 2644 an·

471 2722 547 2767 num
568 2701 694 2776 attinet,
719 2693 775 2760 alii
798 2693 928 2757 tradunt
946 2690 1144 2758 Antoninum
1168 2713 1302 2780 regnum
1325 2698 1504 2786 tuanepiaae
1525 2717 1610 2764 mtto
1632 2721 1663 2784 p.
1678 2695 1740 2764 cu.
1757 2700 1830 2780 137,
1853 2695 1909 2762 alii
1932 2699 2004 2777 138,
2027 2694 2084 2758 alii
2106 2699 2179 2762 139.
2204 2697 2296 2761 Porro

469 2838 567 2907 quum
587 2816 707 2880 menaia
729 2809 889 2876 Adrianus
910 2825 1019 2876 nostro
1040 2807 1215 2876 Decembri
1235 2813 1445 2900 respondeat,
1474 2813 1543 2878 diea
1564 2820 1584 2879 8
1606 2813 1835 2900 intelligendae
1857 2825 1907 2878 eat
1929 2809 2025 2876 huius
2045 2814 2183 2893 mentia,
2205 2835 2296 2898 qaum

472 2931 690 2999 calendarium
711 2922 871 2991 lulianum
895 2928 1074 3012 aequimur3
1102 2947 1201 3012 quuua
1223 2949 1301 2992 vero
1322 2929 1443 2996 meriaia
1465 2929 1657 3018 Aegyptiaoi
1679 2927 1765 3016 pri
1786 2928 1856 2994 diea
1880 2932 1920 2992 18
1943 2929 2176 3016 reapioitur,ia
2197 2929 2294 2992 refer·

469 3067 522 3116 tur
542 3067 629 3113 nuno
650 3041 690 3107 ad
714 3047 747 3122 t,
766 3060 849 3105 uano
870 3041 912 3102 ad
935 3047 966 3114 ⁵,
987 3062 1072 3107 nuno
1093 3041 1133 3105 ad
1154 3047 1175 3105 6
1197 3040 1401 3112 Nouembris.
1430 3041 1581 3134 Denique
1603 3049 1778 3131 quaeritur,
1795 3057 1905 3112 utrum
1922 3047 2101 3112 astronomi
2114 3045 2293 3134 Aegyptiaci

471 3141 753 3246 uiem'iueeperint
775 3171 830 3224 aut
853 3153 998 3236 moridie,
1021 3167 1057 3216 vt
1077 3137 1256 3231 nostratem
1277 3170 1333 3222 aut
1354 3157 1461 3224 media
1478 3175 1583 3242 noete,
1606 3173 1662 3226 aut
1683 3179 1755 3225 oum
1776 3157 1857 3226 hora
1878 3162 1899 3225 6
1920 3163 2089 3242 matutina,
2112 3177 2170 3227 aaut
2187 3167 2208 3226 d
2225 3183 2295 3226 rea·

471 3282 615 3366 epertina
637 3274 678 3360 (1.
696 3275 726 3353 i.
742 3277 794 3338 35.
811 3295 847 3360 p.
860 3279 938 3352 45).
982 3269 1032 3338 Ad
1056 3269 1136 3336 haec
1161 3273 1269 3336 omnia
1292 3275 1467 3362 respondet
1489 3289 1633 3342 nostrum
1654 3295 1825 3364 papyrum.
1868 3275 1996 3344 Soilioet
2017 3277 2098 3347 luteo
2116 3277 2217 3344 iuieao
2237 3293 2296 3342 tra·

471 3395 557 3460 ditur
577 3392 780 3488 planetarum
804 3386 991 3475 longitudo:

473 4039 583 4118 Quum
607 4040 668 4105 hoo
688 4035 855 4125 problema
876 4057 941 4103 non
962 4040 1193 4120 astronomia,
1218 4039 1276 4102 aad
1296 4040 1404 4126 potino
1425 4013 1579 4105 hietorioe
1598 4051 1634 4107 et
1652 4038 1875 4128 chronologice
1896 4018 2036 4108 uaota'are
2059 4033 2162 4124 iuuet,
2184 4041 2312 4111 eufficit

471 4157 689 4246 perfunctoria
717 4156 924 4242 computatio.
967 4151 1077 4230 Quare
1098 4153 1252 4220 adbibere
1272 4153 1350 4224 lieet
1374 4152 1519 4235 Tabulae
1546 4159 1774 4237 astronomicae
1795 4155 1945 4233 Lalandii
1973 4157 2017 4226 ab
2038 4157 2215 4242 duodennio
2246 4157 2318 4220 Pa·
2424 4229 2425 4242 χ

470 4274 574 4338 ririna
593 4273 697 4339 editae
721 4273 838 4356 (Paria.
854 4271 969 4356 1791),
993 4270 1068 4336 lioet
1086 4291 1170 4336 nuno
1194 4274 1409 4338 aoouratioraa
1429 4269 1618 4340 habeamur.
1660 4273 1760 4339 Porro
1779 4273 1831 4340 hie
1851 4250 1885 4342 in
1907 4269 2192 4377 eomputagionibua
2217 4282 2318 4336 tem-

470 4409 533 4475 pus
555 4389 751 4468 Pariainnm,
779 4387 927 4475 neglaoto
956 4386 1133 4470 Thebano,
1164 4387 1251 4475 quod
1279 4391 1512 4474 roepioieudum
1538 4391 1671 4476 inient,
1699 4388 1898 4456 solummodo
1920 4403 2043 4457 monton
2062 4402 2145 4450 aum.
2191 4384 2321 4486 Etiam

473 4507 601 4569 nonniei
625 4506 751 4571 mediae
778 4505 978 4591 planetarum
1008 4503 1182 4570 mleritutia
1208 4506 1365 4572 rationem
1387 4506 1498 4573 habui.
1542 4505 1646 4572 Omiri
1668 4527 1794 4594 guoque
1821 4506 2014 4601 tnrbaa‘opea
2034 4521 2216 4590 eerporum
2239 4526 2320 4570 ooe·

472 4619 601 4686 laatium
627 4633 722 4707 atque
745 4623 853 4686 omnia
869 4644 928 4703 ea,
951 4623 1089 4708 quaein
1111 4620 1331 4688 aamouomioie
1350 4622 1653 4710 eomputationibua,
1676 4645 1757 4712 quaa
1778 4627 1858 4690 viria
1877 4647 1929 4690 me
1953 4594 2060 4712 magia
2079 4613 2190 4688 iniri·
2216 4621 2324 4688 rehu·

470 4736 659 4801 exeroitatia
681 4730 861 4823 relinquere
884 4737 934 4802 ine
958 4749 1026 4814 eat,
1048 4737 1296 4808 aooriratioribua
1315 4745 1531 4828 requiruntur.
1575 4739 1723 4829 Denique
1744 4741 1817 4807 loou
1837 4740 2042 4825 planetarum
2063 4738 2323 4821 helioeentrioa,

472 4854 520 4916 ita
540 4854 589 4916 vti
611 4854 740 4935 dietum,
763 4864 946 4940 computata
966 4856 1089 4917 mutaui
1110 4856 1144 4919 in
1164 4860 1367 4943 geooentrioa
1388 4842 1558 4925 breuitatis
1580 4839 1688 4940 ¹uuum,
1709 4879 1773 4926 non
1795 4832 2076 4944 trigonometrioe‚
2100 4856 2159 4921 aed
2184 4860 2323 4924 merlia-

471 4971 543 5033 nioe
564 4989 625 5054 ope
647 4967 848 5036 Tabularum
875 4963 1165 5036 Lulrrmanniarum
1195 4988 1228 5040 et
1252 4975 1584 5062 elegum-imarum,
1610 4993 1643 5042 et
1672 4976 1983 5043 namratieeimarum
2000 4969 2042 5054 ⁰)-
2087 4969 2212 5046 Quunr
2238 4979 2324 5042 enirn

469 5239 476 5251 ·
540 5213 566 5282 3)
585 5215 644 5268 Dea
663 5214 910 5285 Pinneteeeyttem
928 5223 980 5275 der
995 5219 1106 5285 Saone,
1128 5223 1180 5274 mit
1198 5222 1260 5282 daei
1276 5239 1399 5293 grooten
1413 5227 1623 5296 Kupfertefelu.
1646 5227 1778 5283 Dreedeu
1799 5221 1875 5278 mi.
