4882 6098
1191 471 1553 552 -334-

462 674 749 764 lapidei,·quoram
769 659 918 751 pennulti
935 657 980 724 ex
999 660 1150 748 Aegypto
1172 666 1205 727 in
1222 665 1386 748 Europam
1408 665 1618 749 transportati
1639 677 1724 728 aunt.
1767 664 1994 732 Pretiosissimi
2007 683 2083 734 sunt
2102 673 2291 763 sarcophagi

464 791 638 862 Vienensis
662 794 835 848 ex‘aetate
858 777 1051 860 Memnonis,
1074 778 1289 845 Londinensis
1310 783 1342 844 in
1361 778 1475 845 Museo
1498 761 1692 862 Britannico,
1712 780 1877 848 Parisinus
1894 784 2100 870 porphyrites
2120 790 2154 854 iu
2176 789 2291 858 Museo

463 906 641 980 Snulnieri‚
671 899 814 963 maxime
846 893 902 959 ille
936 893 1139 961 alabastrites
1167 899 1201 963 in
1230 896 1345 963 Museo
1372 897 1489 962 Saonei
1520 897 1730 964 Londinensi.
1780 898 1853 965 Alii'
1874 904 2079 986 reperiuntur
2106 909 2143 970 in
2168 907 2292 976 Museis

462 1021 694 1111 Neapolitano,
717 1015 888 1095 Romanis,
918 1013 1126 1097 Florentino,
1153 1013 1365 1099 Taurinensi,
1393 1015 1567 1092 vianensi,
1593 1014 1801 1097 Monacbico,
1831 1017 2288 1108 arnano,1.onrtnonanur‚

463 1137 664 1215 Oxouieusi,
686 1131 898 1218 Lugdunensi
926 1130 1072 1218 aliisque.
1117 1130 1394 1220 Quemadmodum
1419 1136 1503 1198 enim
1525 1132 1751 1220 sarcophagus
1774 1132 1864 1198 Setlri
1889 1149 1985 1222 atque
2007 1135 2190 1224 muana,
2212 1165 2292 1230 quos

460 1267 526 1328 iam
552 1253 768 1341 explicuimus
793 1246 891 1331 (Tab.
912 1248 957 1314 V.
980 1261 1012 1312 et
1034 1249 1131 1334 VI.),
1166 1253 1335 1316 ita'etiam
1359 1251 1407 1316 illi
1438 1248 1682 1315 obsematioues
1710 1253 1943 1316 astronomicas
1969 1258 2150 1338 continent,
2181 1260 2289 1324 eadem

461 1381 585 1447 ratione
607 1388 791 1456 expressas.

545 1490 700 1560 Eiusdem
719 1483 835 1549 indolis
856 1496 930 1547 sunt
952 1485 1052 1548 cistae
1072 1483 1275 1547 mumiamm.
1297 1479 1501 1569 Quamquam
1516 1485 1648 1549 enimin
1670 1483 1722 1552 bis
1740 1482 1943 1570 planetarum
1956 1485 2030 1552 loca
2045 1491 2148 1555 minus
2160 1490 2289 1578 prolixe
2335 1555 2339 1564 ,

460 1613 650 1688 indicantur,
673 1604 764 1690 leges
786 1615 904 1683 tamen,
927 1599 1041 1687 quibus
1063 1601 1300 1686 exprimuntur,
1322 1601 1391 1665 lere
1413 1601 1546 1666 eaedem
1566 1614 1652 1667 sunt.
1695 1599 1748 1666 Dc
1769 1602 1857 1667 cistis
1875 1626 1953 1669 vero
1973 1597 2201 1692 sepulcralibus
2220 1609 2288 1674 lere

460 1737 647 1798 innumerae
669 1720 710 1785 ad
740 1741 799 1784 nos
820 1732 1047 1804 peruenerunt.
1090 1716 1224 1784 Nullum
1251 1719 1320 1782 ieie
1348 1731 1397 1782 est
1419 1714 1568 1781 Museuar
1599 1715 1833 1803 Aegyptiacnm
1864 1722 1934 1785 siue
1952 1721 2117 1808 publicum
2138 1729 2205 1790 siue
2224 1730 2288 1814 pri-

460 1863 592 1928 vatum,
623 1840 699 1928 quin
721 1838 874 1901 mumiam
901 1834 955 1901 vel
984 1839 1097 1907 cistsm
1120 1835 1332 1922 sepulcralem
1351 1835 1503 1922 pluresue
1529 1837 1701 1900 contiueat.
1744 1834 1823 1900 Sola
1843 1836 1992 1924 Augusta
2010 1839 2231 1910 'l'aurinomm
2251 1851 2290 1910 36

462 1956 972 2046 aroas'sepulcralesconsemat.
2124 1965 2130 1972 '

473 2105 476 2115 ·
545 2079 619 2146 Huc
647 2077 745 2139 etiam
772 2083 917 2159 spectant
947 2069 1080 2151 altaria,
1123 2081 1249 2135 statuae
1277 2071 1432 2156 variaque
1460 2066 1613 2134 utensilia
1649 2089 1721 2134 cum
1754 2069 2016 2158 inscriptionibus
2051 2075 2291 2159 prplixicribus.

460 2200 609 2270 Tradunt
628 2196 724 2275 enim,
748 2189 864 2278 quibus
884 2191 918 2252 in
939 2185 1022 2252 coeli
1040 2187 1120 2252 locis
1140 2201 1228 2254 carto
1251 2186 1389 2273 quodam
1411 2199 1554 2272 tempore
1574 2185 1724 2274 planetae
1745 2191 1864 2254 versati
1884 2169 2013 2254 fuerint.
2056 2189 2205 2267 Quorum
2225 2216 2294 2260 mo·

462 2327 687 2386 numentornm
707 2321 816 2374 tantus
834 2318 884 2370 est
904 2325 1067 2386 numerus,
1088 2319 1125 2370 vt
1144 2305 1206 2370 vix
1228 2304 1289 2368 dici
1310 2306 1424 2389 possit.

545 2428 738 2499 Grauissimi
759 2444 837 2490 vero
860 2427 1017 2490 momenti
1038 2437 1113 2490 sunt
1136 2423 1257 2505 stelae,
1281 2419 1474 2508 tabulaeque
1495 2418 1624 2506 ligneae
1646 2420 1858 2508 sepulcrales,
1889 2424 2113 2509 inscriptiones
2133 2440 2290 2495 cataconr·

461 2556 575 2622 barum
601 2561 698 2635 atque
718 2559 883 2631 petrarum
910 2563 969 2629 per
1000 2555 1100 2607 totam
1121 2541 1307 2629 Aegyptum
1335 2538 1525 2626 insculptae.
1570 2537 1637 2638 llis¹
1660 2541 1744 2603 enim
1774 2540 1842 2605 iere
1875 2539 2023 2606 omnibus
2050 2541 2293 2610 obsematieues

463 2668 697 2739 astronomicae
719 2657 951 2726 describuntur.
995 2657 1106 2724 Stelae
1130 2660 1259 2746 quidem
1280 2655 1473 2744 tabulaeque
1501 2654 1629 2742 ligneae
1661 2659 1894 2724 asirouomicae
1916 2660 1985 2725 fere
2007 2656 2107 2727 millia
2130 2665 2293 2728 numerari

461 2799 596 2880 possunt
623 2789 833 2847 conseruatae
860 2779 893 2840 in
913 2775 1036 2844 Museis
1057 2777 1125 2842 iere
1147 2775 1307 2843 omnibus.
1348 2775 1502 2842 Eiusdem
1530 2775 1658 2862 generis
1682 2787 1757 2840 sunt
1779 2753 2004 2863 inscriptiones
2023 2777 2288 2862 catacumbarum,
2427 2851 2428 2860 ἵ

462 2907 504 2971 ab
531 2903 665 2967 introitu
693 2918 752 2984 per
775 2915 887 2960 omncs
915 2891 1059 2961 eanieras
1088 2897 1129 2961 ad
1157 2895 1256 2960 finem
1279 2917 1381 2982 vsqne
1403 2903 1586 2966 currentes,
1615 2892 1701 2958 vnde
1724 2893 1827 2960 stelae
1848 2909 1978 2960 nostrae
2000 2897 2124 2960 excisam
2145 2896 2288 2961 fumant.

463 3020 571 3099 Quum
592 3028 719 3081 veteres
742 3017 784 3076 ³6
806 3009 1009 3080 catacumbas
1030 3012 1206 3080 'l'hebanas
1228 3021 1487 3085 commemorent,
1507 3031 1592 3073 nunc
1612 3031 1691 3076 vero
1714 3031 1778 3076 non
1800 3014 1862 3076 nisi
1886 3019 1925 3078 16
1946 3025 2092 3099 repertae
2112 3016 2191 3096 sint3
2209 3037 2288 3101 pro·
2325 3003 2328 3006 ’

461 3137 569 3205 babila
591 3133 739 3213 videtur,
767 3129 891 3216 reliqna
915 3151 1040 3217 quoque
1066 3129 1215 3217 hypogea
1242 3151 1314 3196 cum
1336 3126 1454 3193 tabulis
1484 3130 1551 3194 suis
1573 3127 1805 3216 sepulcralibus
1827 3130 1922 3217 atque
1943 3132 2201 3216 inscriptionibus
2217 3133 2291 3199 fere
2427 3147 2428 3150 ’

463 3254 638 3322 innumeris
659 3250 830 3340 aliquando
852 3262 1015 3335 repertum
1035 3251 1086 3312 iri.
1129 3246 1281 3312 Eiusdem
1304 3246 1421 3312 indolis
1439 3248 1672 3312 suutmaxima
1693 3269 1738 3314 ex
1758 3261 1851 3335 parte
1873 3251 2095 3334 inscriptiones
2117 3265 2295 3338 petrarum,
2427 3243 2428 3272 ¹

464 3392 545 3460 quae
568 3371 651 3432 iuter
671 3366 836 3433 Pbilarum
852 3365 991 3432 insulam
1014 3378 1111 3452 atque
1135 3361 1267 3429 'l'bebas
1289 3377 1322 3428 et
1341 3362 1426 3429 vltra
1447 3384 1512 3428 ruo
1533 3363 1625 3449 quasi
1642 3375 1754 3430 tenore
1780 3387 1851 3432 sese
1871 3370 2050 3453 excipiunt,
2074 3389 2219 3455 quasque
2234 3391 2296 3456 per

461 3502 563 3558 totam
584 3485 654 3549 fere
675 3482 860 3568 Aegyptum
881 3493 1045 3566 petraeam
1066 3484 1284 3549 inueniuntur.
1326 3479 1509 3546 Permultae
1532 3481 1616 3544 enim
1638 3479 1752 3546 harum
1775 3485 2017 3571 inscriptionum
2036 3506 2115 3558 cata
2127 3482 2300 3568 Bsrtorss's',

468 3606 688 3682 thttmosu,
711 3599 911 3686 aliorumque
932 3602 1094 3665 viatorum
1115 3599 1267 3686 operibus
1286 3600 1321 3664 in
1342 3597 1446 3663 lucem
1468 3597 1667 3684 prodiemut.

544 3721 693 3805 Denique
715 3718 1016 3782 commemorandae
1037 3732 1112 3783 sunt
1131 3721 1246 3804 papyri
1268 3719 1511 3783 astronomicae.
1555 3713 1831 3792 Quemadmodum
1853 3720 1939 3784 enim
1955 3715 1995 3784 'in
2018 3717 2145 3785 duabus
2165 3724 2304 3808 papyris

462 3840 555 3905 dictis
579 3838 626 3922 (p.
646 3841 721 3899 212.
736 3831 821 3898 Tab.
835 3833 913 3919 lx.)
937 3834 1186 3921 sepulcralibus,
1214 3837 1261 3900 ita
1280 3835 1314 3899 iu
1336 3833 1484 3900 omnibus
1504 3836 1563 3916 iis,
1585 3855 1665 3920 quas
1685 3832 1851 3921 liturgicus
1870 3835 2028 3902 hactenus
2048 3853 2223 3920 vocarunt,
2254 3841 2303 3904 si·

462 3954 667 4040 milibusque,
690 3955 724 4017 in
740 3950 895 4037 sepulcris
910 3965 942 4015 et
962 3955 1152 4018 mumiaram
1170 3953 1253 4016 arms
1269 3955 1418 4037 repertis,
1434 3951 1676 4018 obsemationes
1697 3955 1929 4018 astronomicae
1947 3957 2160 4032 continentur.
2188 3955 2307 4020 Huius
2427 3965 2428 4052 q

460 4095 539 4139 vero
561 4071 691 4158 generis
711 4069 826 4155 papyri
848 4072 1128 4136 numerosissimae
1157 4071 1191 4134 ia
1212 4068 1360 4135 omnibus
1387 4071 1457 4136 fera
1482 4068 1606 4137 blateis
1633 4089 1706 4133 cnm
1734 4069 1824 4134 stelis
1852 4075 2075 4138 astronomicis
2101 4095 2313 4142 conseruan-
2427 4103 2428 4140 ι

463 4206 526 4273 tur,
546 4189 735 4252 nominatim
759 4183 971 4268 Berolinensi,
986 4187 1154 4269 Vieneusi,
1174 4185 1376 4269 Monachico,
1398 4187 1566 4276 Pragensi,
1581 4173 1846 4269 Francolurtano,
1870 4187 2057 4272 Drasdensi,
2074 4187 2313 4278 Cracouiensi,

460 4304 713 4392 Petropolitano,
730 4301 990 4389 Copenhagenai,
1013 4303 1223 4389 lugdunensi
1242 4302 1293 4386 B,
1315 4304 1618 4386 Amstelodamensi,
1633 4302 1882 4391 Edinburgensi,
1905 4303 2169 4398 cantabrigiensi,
2192 4304 2317 4376 Oxo.

462 4427 582 4506 aiensi,
608 4418 877 4501 Londinensibus,
900 4420 1066 4499 Patisium,
1086 4419 1315 4505 Lugdunensi,
1344 4397 1557 4500 Massiliensi,
1583 4422 1764 4504 Gennensi,
1797 4421 1995 4500 Geneaensi,
2026 4417 2319 4512 Taurincnsibns,

462 4538 769 4621 Mediolanensibus,
785 4537 990 4619 bononiensi,
1012 4535 1208 4616 Florentino,
1231 4535 1396 4621 Romanis,
1411 4538 1626 4625 Neapolitano
1649 4538 1784 4625 aliisque
1806 4551 1874 4602 tom
1894 4537 2038 4624 publicis,
2060 4549 2131 4602 tum
2146 4542 2316 4624 pduatis.

548 4658 603 4721 Ex
626 4657 677 4719 his
696 4659 807 4740 itaque
829 4654 950 4720 clarum
973 4667 1039 4735 est,
1062 4663 1270 4718 monumenta
1290 4652 1522 4741 Aegyptiorum
1546 4661 1780 4740 astronomica,
1809 4657 1953 4743 quamuis
1975 4653 2124 4736 diuersa,
2146 4677 2321 4728 numero-

463 4779 692 4853 animaene,
713 4793 773 4869 nec
793 4769 922 4850 dubito,
943 4771 1019 4858 quin
1041 4772 1167 4836 circiter
1188 4769 1251 4836 duo
1272 4771 1377 4836 stillio
1395 4786 1674 4841 monumentorum
1694 4777 1980 4841 astronomicorum
2003 4770 2045 4836 ab
2068 4775 2323 4858 antiqaisn'rnis

464 4893 538 4957 inde
558 4888 757 4981 temporibus
789 4887 934 4953 adhunc
956 4909 1057 4975 vsque
1084 4887 1169 4952 diem
1193 4902 1455 4955 museruatomm
1482 4894 1648 4956 numerari
1675 4895 1812 4978 possint.
1854 4890 1906 4956 De
1933 4889 1987 4954 his
2009 4889 2136 4976 quidem
2158 4911 2231 4958 nou
2261 4913 2325 4964 est

466 5012 588 5095 exigua
610 5032 705 5096 pars,
730 5028 832 5095 qnae,
853 5017 889 5071 vt
909 5002 1101 5091 sarcophagi
1122 5007 1280 5088 maiores,
1302 5007 1343 5071 ad
1363 5009 1520 5092 primum,
1547 5027 1642 5094 quem
1663 5012 1907 5090 constituimus,
1929 5006 2073 5073 ordinem
2095 4982 2325 5082 obseruatio.

339 5193 345 5204 ,
466 5149 542 5194 ιιιιιιι
565 5139 704 5210 spectat3
725 5127 839 5207 maior,
863 5136 900 5188 vt
921 5120 1114 5208 templorum
1135 5137 1167 5188 et
1187 5123 1435 5216 monolitborum
1458 5127 1692 5212 inscriptiones,
1712 5125 1755 5192 ad
1776 5127 1968 5220 secundumj
1989 5124 2132 5190 maxima
2153 5145 2247 5191 vero
2272 5131 2325 5196 ad

465 5247 596 5312 tertium
619 5254 652 5306 et
673 5255 820 5328 quartum
841 5243 993 5328 pertinet,
1016 5243 1134 5326 quippe
1158 5242 1260 5312 stelae
1281 5255 1377 5330 etque
1398 5246 1513 5328 papyri
1532 5241 1717 5330 pleraeque.
