4904 6100
897 521 1263 605 -221--

244 705 316 770 vlt.
340 702 596 770 0hsernstioues
616 705 850 794 Aegyptiorum
874 701 1126 794 aitrouomicae,
1157 717 1304 799 quamuis
1334 714 1535 802 negligenter
1564 718 1751 806 institutae,
1786 735 1841 788 aut
1863 743 1991 812 compa-
2039 797 2043 803 ,

165 821 327 887 tatiouihus
348 821 441 886 falsis
461 836 652 908 perceptae,
687 823 768 888 adeo
800 839 886 890 certe
913 827 1143 916 chronologiae
1173 831 1389 918 historiaeque
1417 835 1615 915 insumitur,
1645 850 1699 919 vt,
1731 841 1844 906 sinon
1864 841 1905 905 de
1925 843 1989 922 die,

161 937 264 1002 saitem
286 940 327 1003 de
350 941 541 1024 septimane,
564 938 617 1004 vel
639 961 767 1020 meuse,
789 939 843 1006 val
867 961 951 1006 euno
970 945 1051 1009 *facti
1075 946 1239 1011 cuiusdam
1260 947 1403 1013 historici
1426 949 1574 1013 eruendis
1594 951 1716 1019 uallum
1736 955 1867 1023 dubium
1890 957 1989 1023 reliu-

158 1069 259 1140 qoant.
301 1055 458 1120 Vidimus
478 1058 585 1134 euim,
615 1069 778 1124 auctorem
807 1054 909 1122 libelli
936 1062 1038 1124 nostri
1066 1065 1270 1127 astronomici
1305 1063 1376 1128 loca
1398 1063 1617 1150 planetarum,
1654 1084 1691 1135 vt
1712 1073 1783 1156 ipse
1804 1070 1987 1159 profitetur,

157 1191 212 1233 nou
232 1169 337 1236 oculis
357 1171 568 1252 obseruasse,
600 1172 656 1237 sed
680 1185 881 1259 computasse
905 1175 945 1240 ad
967 1175 1067 1242 libros
1092 1192 1238 1244 veterum
1262 1179 1424 1245 Mercurio
1445 1195 1478 1245 et
1499 1182 1692 1270 Aesculapio
1715 1200 1747 1251 et
1766 1189 1937 1253 Petosiridi
1954 1203 1986 1253 et

155 1288 218 1371 regi
233 1285 369 1352 Necheo
390 1285 578 1373 adscriptos.
616 1287 731 1376 Neque
755 1293 878 1376 exigua
899 1303 948 1354 est
961 1286 1044 1355 inter
1066 1297 1296 1362 accuratiorem
1318 1300 1588 1382 computationem
1611 1312 1706 1386 atque
1721 1301 1874 1388 Aegyptii
1894 1303 1984 1368 illam

155 1399 339 1481 differentia,
363 1417 400 1471 vt
421 1423 560 1488 sequens
581 1401 690 1469 tahula
712 1405 863 1491 docet*):

233 2131 352 2198 'l'arueu
374 2131 482 2199 nuhaa
504 2149 554 2198 est
572 2159 631 2220 per
652 2151 753 2200 totam
775 2139 941 2201 historiam
965 2160 1086 2221 annus,
1107 2159 1211 2227 usque
1234 2145 1371 2224 mensis,
1393 2166 1498 2230 nequa
1518 2145 1587 2211 vlla
1609 2145 1796 2228 hebdomas,
1819 2167 1881 2232 quo
1901 2166 1976 2210 con·

149 2244 280 2313 stellatio
301 2251 457 2336 quaedam
479 2251 562 2314 adeo
583 2252 698 2316 similis
724 2265 855 2318 nostrae
876 2250 982 2316 locum
1009 2253 1169 2322 hahuerit.
1214 2255 1299 2332 Quin
1330 2261 1395 2323 iuro
1418 2261 1446 2322 si
1467 2257 1520 2324 vel
1549 2265 1689 2328 maiores
1710 2283 1835 2328 errores
1857 2275 1891 2325 et
1912 2261 1976 2326 dis·

145 2369 322 2448 crepantiae
341 2369 427 2431 iuter
448 2379 576 2431 nothas
598 2365 724 2432 tabulas
745 2379 841 2452 atque
854 2379 1001 2450 ratarum
1022 2367 1265 2436 obseruationes
1278 2375 1312 2434 iu
1325 2375 1445 2458 scripto
1464 2376 1602 2461 quodam
1616 2378 1849 2466 Aegyptiorum
1872 2390 1974 2442 astro·

143 2485 263 2547 cornico
276 2482 606 2570 deprehenderentur3
630 2505 669 2548 eo
690 2482 724 2548 id
746 2497 871 2548 tantum
892 2479 1083 2567 efficeretur,
1099 2500 1136 2551 vt
1159 2487 1198 2550 da
1218 2507 1282 2551 ruo
1301 2487 1365 2568 die,
1386 2503 1442 2552 aut
1462 2491 1609 2557 addendo
1625 2494 1665 2558 ad
1687 2495 1842 2580 epocham
1862 2498 1974 2558 iuuen-

141 2610 222 2681 tam,
248 2615 303 2667 aut
330 2601 530 2667 detrahendo
558 2601 634 2666 inde
663 2598 810 2664 dubitare
840 2599 964 2667 liceret.
1008 2599 1101 2678 Quae
1122 2602 1323 2668 differentiae
1352 2603 1599 2692 chronologicae
1628 2630 1704 2674 saue
1732 2610 1824 2674 flocci
1843 2623 1918 2674 suat
1938 2610 1972 2672 in

140 2735 240 2782 rerum
262 2733 429 2806 gestarum
447 2718 586 2784 hicterio
608 2731 729 2784 nostra
772 2716 859 2782 Satis
880 2739 959 2784 vero
979 2723 1184 2808 perspicuum
1206 2733 1266 2803 est,
1292 2721 1371 2787 solis
1391 2722 1530 2808 planetis
1553 2726 1577 2809 i)
1600 2734 1634 2805 ²i
1656 2737 1688 2788 et
1709 2727 1736 2800 ἃ
1758 2745 1875 2788 anuum
1894 2723 1972 2791 tacu

139 2835 294 2902 erritorium
318 2835 468 2920 decerni,
502 2835 645 2924 planetis
677 2843 702 2917 ῼ
732 2848 765 2899 et
789 2839 811 2918 ii
836 2851 869 2902 et
895 2839 943 2919 D,
969 2851 1026 2902 aut
1048 2837 1118 2904 sola
1136 2845 1161 2916 i>
1182 2858 1324 2902 mensem
1346 2851 1379 2900 et
1401 2839 1503 2921 diem,
1539 2847 1567 2918 2
1594 2852 1628 2904 et
1645 2839 1834 2924 Horoscopo
1856 2836 1970 2902 horam

139 2964 167 3012 et
188 2957 358 3020 minutam.
400 2953 487 3018 Hinc
505 2973 585 3018 vero
608 2953 706 3016 etiam
727 2951 938 3040 intelligitur,
966 2953 1019 3019 val
1046 2957 1118 3019 sine
1140 2955 1163 3035 li
1184 2967 1216 3018 et
1240 2961 1265 3035 ῼ
1293 2975 1435 3019 mensem
1457 2967 1490 3019 et
1521 2957 1606 3021 diem
1627 2977 1673 3020 ex
1694 2952 1970 3020 obseruationibus

132 3063 343 3154 Aegyptiacis
367 3071 437 3133 erui
456 3091 559 3156 posse.
605 3065 713 3144 Quum
732 3090 810 3135 roro
832 3070 872 3134 de
900 3083 1007 3136 aetate
1033 3069 1170 3136 alicuius
1191 3071 1302 3155 scripti
1324 3075 1529 3136 astronomici
1550 3075 1676 3138 circiter
1691 3085 1832 3146 constan
1862 3084 1969 3136 terno·

130 3201 223 3264 rum,
257 3185 310 3250 vel
338 3185 507 3264 hinorum,
536 3185 633 3274 quidl
662 3187 746 3273 quod
769 3189 864 3252 vuius
891 3186 1042 3274 planetae
1069 3187 1144 3254 loca
1171 3185 1312 3251 iudicata
1340 3185 1425 3249 haud
1458 3209 1531 3251 raro
1561 3189 1724 3254 sufficiunt
1752 3190 1792 3253 ad
1814 3187 1967 3273 epocham

129 3300 313 3382 quaesitam
332 3301 570 3367 inuenieadsm.
604 3302 724 3378 ,Veluti
743 3325 842 3392 qaum
864 3318 973 3370 nostra
995 3325 1135 3392 papyrus
1157 3304 1256 3368 aetati
1277 3300 1432 3367 Antonini
1454 3304 1666 3381 tribueretur;
1688 3305 1757 3370 solo
1784 3304 1966 3388 1),vel2t,

127 3426 232 3500 atque
250 3416 289 3486 Θ
308 3416 407 3480 huius
427 3420 541 3482 aetatis
561 3440 663 3486 annus
681 3419 881 3503 definiretur,
908 3421 985 3488 solis
1009 3420 1046 3492 Θ
1064 3432 1091 3503 )
1109 3427 1134 3505 ῼ
1154 3419 1207 3482 vel
1226 3413 1263 3486 Θ
1289 3420 1312 3499 li
1335 3421 1373 3501 ἃ,
1395 3420 1449 3483 vel
1470 3420 1543 3498 Θῼ
1560 3424 1591 3486 ὁ·
1615 3423 1711 3484 etsie
1731 3442 1828 3507 porro
1848 3423 1967 3487 mensis

125 3544 160 3596 st
187 3531 259 3600 dies
281 3536 495 3616 inueniretur,
525 3535 601 3602 dato
621 3557 716 3604 euno.
760 3538 930 3624 lleguante
955 3542 1040 3603 euim
1064 3535 1228 3601 Antonino
1249 3535 1350 3601 semel
1381 3549 1504 3602 tautam
1530 3537 1556 3622 ἵ)
1583 3540 1616 3602 iu
1639 3555 1702 3618 a,
1721 3545 1750 3621 ²4
1772 3541 1804 3602 iu
1828 3549 1867 3607 Υ
1892 3555 1965 3599 cam

124 3648 162 3720 Θ
182 3651 219 3714 ἰιι
242 3659 274 3730 2
296 3665 522 3736 apparuemat.
565 3651 638 3730 Qua
661 3655 701 3719 de
720 3673 816 3719 causa
836 3656 954 3737 scripta
975 3652 1209 3738 Aegyptiorum
1233 3653 1445 3718 ethonomica
1466 3650 1520 3718 vel
1539 3651 1744 3738 imperfecta,
1774 3665 1830 3717 aut
1851 3647 1964 3714 mutila

121 3768 300 3835 utilissima
321 3782 429 3834 essem
448 3769 678 3857 chronologiae
700 3769 907 3838 ethistoriae
929 3767 1162 3850 emendandae,
1187 3767 1239 3834 rel
1260 3768 1477 3834 instruendae.

211 3885 302 3952 vtlt.
325 3886 444 3972 Papyri
461 3889 494 3951 iu
511 3889 599 3952 cistis
622 3890 812 3953 raumiaram
832 3897 980 3972 repertae
996 3899 1092 3971 atqua
1106 3907 1219 3951 omues
1232 3885 1465 3971 Aegyptiorum
1481 3883 1612 3948 omuino
1629 3886 1853 3972 inscriptiones
1868 3885 1959 3950 fune

123 4001 204 4068 tales
228 4002 438 4069 astronomici
456 4015 530 4066 suut
546 4006 739 4088 argumenti,
757 4002 878 4069 scilicet
895 4005 1094 4086 uafiuitates,
1115 4006 1184 4068 siue
1198 4001 1441 4067 obseruationes
1454 4012 1613 4068 astrorum
1631 4001 1798 4068 natalitiae
1812 4022 1873 4087 pro
1887 4021 1961 4089 per·

123 4123 203 4185 mais
229 4119 402 4184 defunctis.
430 4115 569 4200 Scimus,
585 4139 739 4205 papyrum
757 4132 901 4186 nostrum
918 4124 952 4186 iu
976 4125 1057 4186 cista
1076 4118 1247 4205 sepulcrali
1259 4122 1426 4184 iuuentam
1441 4143 1523 4205 esse,
1541 4135 1636 4210 atque
1661 4131 1794 4198 coastat,
1817 4136 1958 4204 papyros

119 4231 298 4318 laterales,
335 4253 473 4321 quarum
499 4235 569 4299 lere
597 4237 784 4300 innumerae
813 4239 845 4300 iu
874 4235 998 4302 Massia
1023 4237 1204 4322 Europaeis
1231 4249 1454 4318 assemantar,
1486 4252 1542 4303 aut
1562 4240 1641 4323 ipsis
1667 4238 1701 4298 iu
1722 4236 1832 4301 lesciis
1851 4231 1959 4318 sepul·

120 4350 260 4416 crelihas
286 4365 345 4416 ant
368 4355 469 4417 iuxta
489 4354 626 4417 raamias
655 4355 806 4418 iuuentae
826 4353 938 4417 fuisse.
981 4351 1055 4416 Huc
1084 4350 1220 4434 accedit,
1249 4353 1334 4439 quod
1364 4353 1519 4420 eiusmodi
1544 4356 1579 4420 in
1606 4353 1736 4439 papyris
1761 4348 1960 4418 funeralibus
2002 4438 2004 4443 Ι

117 4485 211 4530 nuuc
237 4465 493 4555 hieroglyphice,
521 4490 606 4536 uano
637 4469 791 4536 hieratica
821 4471 967 4556 scriptis,
1008 4471 1140 4536 eaedem
1170 4470 1302 4536 deorum
1330 4470 1526 4558 dearumque
1555 4471 1713 4554 imagines
1743 4469 1958 4554 reperiuntur,

117 4581 241 4668 quihus
263 4597 349 4649 estrs
367 4584 592 4672 significantur
613 4588 648 4651 iu
668 4585 808 4654 zodiaco
830 4585 1228 4670 Tauriueasil'l'ah.11.).
1273 4587 1379 4674 Atque
1409 4587 1520 4651 eadem
1549 4605 1627 4649 saue
1649 4597 1699 4649 est
1721 4587 1802 4650 ratio
1823 4583 1959 4669 iuscrip-

113 4701 262 4781 tionum,
290 4721 372 4786 quae
391 4706 423 4767 in
447 4705 536 4768 naas
555 4702 787 4790 sepulcralibus
807 4702 946 4788 byssinis
966 4702 1147 4793 ligneisque
1172 4718 1268 4790 atque
1289 4705 1322 4766 in
1345 4702 1553 4787 sarcophagis
1573 4714 1716 4767 exeant.
1760 4697 1869 4776 Quare
1892 4720 1957 4766 non

108 4815 250 4882 dubium
271 4830 340 4900 est,
364 4821 440 4905 quiu
461 4819 524 4886 hae
547 4841 673 4908 quoque
693 4823 917 4908 inscriptiones
938 4832 1034 4907 atque
1053 4823 1167 4908 papyri
1188 4820 1375 4908 liturgicus,
1398 4836 1481 4904 quae
1501 4817 1665 4907 hucusque
1688 4819 1790 4884 dictae
1813 4818 1954 4896 luerunt,

108 4933 151 4998 ad
177 4937 286 4997 instar
304 4939 417 5021 papyri
446 4949 576 5002 nostrae
606 4958 761 5025 graecae,
794 4934 1037 5001 obseruationes
1069 4938 1297 5001 ashouomicas
1329 4935 1525 5002 contineant.
1573 4934 1850 5013 Quemadmodum
1876 4952 1956 4998 vero

171 5184 208 5251 ⁶)
232 5185 449 5326 Accqlrstiorem
466 5185 540 5241 hsut
558 5192 798 5258 computationem
823 5187 913 5244 debeo
931 5189 1021 5242 surico
1039 5151 1092 5246 Fr.
1110 5187 1168 5246 Ed.
1185 5187 1307 5257 aalma,
1330 5185 1404 5242 Phil.
1425 5187 1521 5256 Dect,
1541 5188 1595 5244 Ali.
1618 5189 1681 5244 Art.
1697 5185 1791 5257 Mag,
1813 5180 1953 5256 Specuiss
2064 5169 2066 5172 ’

99 5271 290 5343 Lipsiensis
311 5272 419 5327 'unctu
