4904 6100
1183 601 1266 618 ..-.
1323 549 1409 632 224
1464 603 1549 618 ...-

458 761 510 827 lle
530 769 637 824 aetate
659 747 768 834 templi
792 741 984 826 'l'eutyrltici
1003 742 1112 805 varies
1127 743 1161 806 iu
1182 753 1292 826 partes
1312 741 1454 806 viatores
1476 741 1635 813 obierunt.
1677 739 1799 807 dollot'r
1821 746 1906 808 euim
1927 742 1965 826 (l.
1980 742 2004 807 l.
2018 765 2052 829 p.
2066 747 2157 827 394)
2180 744 2293 826 credit,

457 879 520 944 bec
542 867 724 939 aedilicium
744 861 878 928 Graecis
900 870 934 924 et
948 858 1101 922 Romanis
1125 859 1267 943 ipsisque
1287 857 1396 922 Persis
1418 855 1519 923 multo
1545 881 1617 924 esse
1638 861 1870 945 antiquiorem,
1888 861 2101 926 recentiorem
2122 881 2200 924 rero
2222 881 2294 926 me·

458 990 617 1058 nuorentis
638 980 824 1049 Theboiois.
866 973 1018 1056 declino,
1048 975 1168 1061 inquit,
1199 973 1246 1038 od
1265 973 1478 1052 credendum,
1507 974 1657 1060 templum
1684 975 1919 1060 Tentyrits'csn
1939 985 2085 1062 tenpore
2111 981 2200 1040 ister
2219 975 2294 1040 Nc-

459 1106 573 1172 claun
594 1107 629 1164 et
650 1097 787 1162 Asseria
810 1095 995 1178 (tto-boa
1017 1113 1047 1156 a.
1070 1087 1147 1176 Cb.)
1169 1089 1383 1168 aedificatore
1395 1090 1523 1170 ,faisse
1576 1089 1725 1156 Vs'tcouts'
1741 1096 1886 1180 putauit,
1919 1094 1983 1159 hoo
2002 1091 2158 1178 templum
2181 1089 2293 1156 rodili-

459 1233 566 1290 catum
587 1237 658 1282 esse
678 1217 762 1280 iuter
783 1230 901 1276 anuum
926 1215 966 1273 12
988 1221 1021 1274 et
1044 1210 1105 1271 tea
1128 1221 1202 1294 post
1220 1204 1396 1290 Christum,
1419 1211 1489 1272 eius
1504 1227 1584 1272 vero
1603 1221 1727 1294 purtem
1749 1208 1836 1275 baud
1858 1207 1959 1274 multo
1979 1223 2053 1295 post
2067 1209 2291 1278 Alexandrum

459 1355 610 1424 mgnum
636 1331 701 1415 ¹¹).
743 1326 848 1394 Multo
868 1324 972 1410 magis
993 1345 1013 1386 e
1034 1345 1113 1388 rere
1134 1322 1229 1388 buius
1251 1322 1362 1408 templi
1383 1337 1488 1389 aetate
1508 1323 1699 1390 aberrarunt
1719 1321 1792 1404 alii,
1812 1329 1867 1412 qui
1887 1339 2017 1412 propter
2039 1325 2173 1392 zodiaci
2191 1328 2290 1410 ipsius

458 1453 633 1518 diuisioues
653 1447 745 1512 eruis
767 1446 861 1524 17⁶0,
877 1445 973 1522 2200,
986 1444 1084 1518 4200,
1107 1444 1192 1504 5200
1216 1454 1292 1504 ante
1310 1436 1372 1503 Cb.
1393 1437 1457 1523 ¹²),
1479 1455 1515 1505 vt
1534 1440 1619 1505 inlre
1640 1441 1744 1507 fusius
1764 1441 1939 1524 docebitur,
1952 1442 2016 1508 lroo
2035 1444 2201 1507 exstitisse
2221 1444 2289 1528 epi·

460 1572 530 1636 neti
550 1580 636 1631 sunt.
667 1561 762 1628 Nono
783 1559 909 1645 quidem
931 1557 992 1621 vix
1015 1554 1156 1620 dubitari
1177 1558 1307 1641 poterit,
1330 1557 1405 1640 qoin
1419 1554 1577 1621 zodiacus
1600 1555 1817 1641 Tentyriticus
1837 1579 1910 1624 cum
1935 1556 2067 1643 templo,
2091 1557 2173 1642 qood
2192 1556 2288 1643 plane

459 1685 601 1778 eiusdem
624 1679 698 1763 styli
720 1697 790 1744 esse
812 1671 1101 1759 deprehenderunt,
1124 1684 1231 1737 aetate
1252 1671 1392 1736 Neronis
1415 1685 1617 1740 exstructum
1637 1675 1690 1740 sit.

1195 1892 1236 1964 ll.
1269 1823 1565 1992 Erple‘cols'o.

544 2054 772 2137 Inscriptiones
798 2049 873 2113 tecti
901 2050 935 2111 iu
963 2046 1091 2112 Pronso
1120 2043 1319 2129 Tentyritioo
1347 2048 1394 2111 sic
1423 2068 1458 2112 se
1479 2045 1610 2112 habeut.
1653 2044 1773 2114 'l'otom
1795 2047 1926 2114 lacunar
1947 2050 1981 2112 in
2004 2047 2083 2112 dues
2105 2063 2215 2133 partes
2234 2071 2286 2113 ee-

458 2175 569 2267 queles
598 2169 751 2236 diuiditur
778 2164 934 2251 quadrato
957 2161 1118 2248 oblongo,
1148 2163 1266 2250 quippe
1287 2183 1352 2249 quo
1374 2164 1454 2230 disci
1476 2175 1510 2228 et
1537 2162 1676 2228 vulturis
1697 2165 1856 2251 imagines
1876 2166 2025 2251 deinceps
2045 2167 2201 2252 repetitae
2222 2187 2288 2228 eer-

458 2305 576 2361 nuutur
596 2283 696 2370 (rab.
711 2282 773 2348 IV.
791 2281 850 2364 D).
894 2277 945 2344 Ab
971 2293 1108 2365 vtraque
1134 2290 1227 2368 perte
1248 2291 1324 2343 suut
1354 2293 1421 2344 tros
1448 2279 1531 2345 eliae
1554 2300 1649 2344 erese
1670 2279 1802 2346 similes.
1844 2279 1970 2369 Harum
1993 2303 2140 2346 orcarum
2167 2279 2289 2368 figurae

458 2411 499 2477 ab
527 2420 663 2490 utraque
684 2410 775 2484 perte
797 2397 902 2481 eapite
928 2394 1051 2460 habent
1073 2415 1187 2458 versus
1215 2393 1356 2461 mediam
1386 2419 1514 2479 arcem,
1544 2418 1640 2483 quam
1670 2400 1823 2484 proxima
1846 2401 1997 2484 etr-inquo
2026 2400 2197 2484 attingunt.
2240 2398 2289 2462 De

458 2529 511 2592 his
531 2519 658 2610 quidem
681 2517 764 2580 oreis
793 2512 924 2578 vltimse
946 2511 1081 2588 ambae,
1109 2513 1228 2597 parieti
1251 2513 1396 2577 maxime
1418 2515 1563 2590 vicinae,
1592 2515 1756 2579 continent
1778 2533 1841 2580 sex
1872 2535 2019 2601 quaeque
2037 2513 2167 2578 Zodieci
2187 2515 2287 2600 signe,

458 2635 652 2727 imaginibus
671 2631 803 2697 Zodiaci
825 2626 1021 2693 solemnibus
1045 2648 1213 2714 expresse,
1235 2630 1282 2691 ite
1304 2635 1397 2714 νίς)
1428 2641 1467 2710 ttp
1492 2641 1533 2698 ἢ
1562 2639 1595 2706 m
1632 2639 1663 2707 φ
1693 2636 1723 2710 z
1749 2630 1812 2712 hie,
1835 2648 1879 2697 st
1905 2634 1942 2706 )(
1969 2644 2009 2703 γ
2039 2639 2070 2710 g
2096 2639 2137 2704 Π
2160 2636 2201 2707 ffi
2227 2628 2291 2693 illie

457 2761 563 2847 posita
591 2755 666 2818 sint.
708 2749 822 2834 ltaque
846 2741 1010 2809 obtinetur
1031 2743 1147 2807 diuisio
1169 2742 1299 2807 Zodieoi
1325 2743 1622 2834 iubemispheeria
1644 2745 1724 2828 duo,
1754 2746 1890 2812 alterum
1910 2745 2041 2825 lunare,
2071 2743 2210 2809 alterurn
2240 2769 2290 2811 so·

458 2877 527 2941 lare
550 2874 596 2956 (p.
614 2871 692 2949 13.).
735 2860 802 2927 Sub
830 2859 967 2946 singulis
988 2859 1089 2944 signis
1110 2861 1208 2944 positi
1232 2843 1307 2922 sunt
1326 2859 1452 2928 Deceni
1476 2869 1517 2928 36
1542 2886 1614 2930 oum
1637 2863 1761 2930 duobus
1782 2863 1893 2928 Horiis
1914 2855 2136 2946 principalibus
2156 2865 2292 2926 neuiou·
2377 2941 2380 2949 ἱ

458 2993 500 3056 lis
522 2986 617 3052 recti.
659 2977 729 3043 lum
753 2989 877 3040 restent
898 2986 1034 3061 quatuor
1055 2993 1150 3039 areae
1170 2995 1243 3038 eum
1258 2975 1364 3042 media
1383 2979 1448 3043 iam
1471 2980 1556 3046 dicta
1576 2981 1638 3048 boc
1658 2981 1788 3047 ordine:
1812 2978 1840 3062 1,
1859 2978 1905 3058 11,
1926 2977 2042 3057 media,
2062 2974 2123 3057 ΙΙΙ,
2143 2975 2204 3041 lv.
2235 2977 2290 3042 De

459 3102 576 3193 quibus
598 3096 627 3161 1.
654 3115 730 3159 eree
756 3092 860 3156 diuisa
882 3102 931 3155 est
957 3091 991 3154 in
1014 3089 1093 3154 duos
1116 3112 1209 3156 are·
1230 3085 1388 3180 oblongas
1416 3115 1454 3159 eo
1475 3099 1609 3163 manias.
1652 3097 1740 3164 Ares
1760 3095 1804 3162 lI.
1825 3098 1952 3181 integra
1972 3095 2106 3173 mersit,
2127 3090 2192 3158 ΠΙ.ς
2211 3115 2290 3160 vero

464 3219 567 3287 tribus
588 3211 702 3278 taeniis
724 3220 860 3290 substet,
884 3219 980 3292 atque
1001 3203 1062 3270 lv.
1084 3208 1200 3274 iterum
1231 3207 1366 3275 duabus.
1407 3209 1538 3278 Tabula
1560 3212 1689 3300 quidem
1707 3217 1741 3279 in
1765 3226 1875 3278 uestra
1899 3207 2292 3296 (Trb.1v.)stgnifiant

460 3339 491 3404 A
510 3351 607 3398 areae
631 3325 692 3393 llI.
714 3327 852 3390 taeniam
875 3324 1024 3404 medium,
1046 3321 1074 3387 B
1095 3345 1191 3389 areae
1205 3324 1267 3393 IV.
1290 3328 1431 3392 taeniam
1449 3331 1658 3414 superiorem,
1681 3329 1709 3395 C
1731 3351 1826 3395 areae
1847 3327 1909 3394 lv.
1933 3329 2073 3392 taeniam
2092 3326 2288 3408 inferiorem,

458 3453 490 3520 Ι)
516 3467 624 3514 aream
647 3442 808 3508 leeuoaris
827 3437 1017 3522 Tentyritici
1037 3441 1185 3519 mediam,
1209 3443 1236 3507 E
1258 3465 1368 3509 aream
1391 3445 1449 3528 11,
1472 3447 1499 3512 F
1522 3467 1617 3511 areae
1638 3446 1683 3512 11.
1706 3449 1844 3513 tseniem
1867 3445 2073 3524 inferiorem,
2095 3443 2126 3508 G
2148 3465 2243 3510 arcus
2261 3443 2285 3508 l.

458 3569 598 3648 toeniam
622 3562 838 3647 superiorem,
867 3555 1014 3620 Osreee
1037 3550 1099 3620 lll.
1131 3561 1270 3625 taeniam
1297 3563 1517 3647 superiorem,
1542 3563 1568 3628 P
1593 3585 1689 3628 areae
1709 3563 1773 3630 111.
1799 3563 1940 3629 taeniam
1966 3561 2163 3626 inferiorem.
2205 3558 2286 3624 Coe·

458 3703 563 3752 terum
581 3679 806 3763 inscriptiones
826 3689 975 3736 erearum
998 3675 1139 3738 omnium
1159 3679 1232 3762 peri
1250 3679 1376 3743 ratione
1395 3679 1517 3745 scilicet
1539 3677 1696 3766 capitibus
1717 3701 1815 3767 supro
1835 3682 2010 3767 porrectis,
2034 3677 2118 3766 quod
2139 3677 2231 3742 aliter
2251 3698 2284 3741 se

458 3801 573 3879 babet,
603 3812 639 3863 rt
659 3794 819 3867 diximus,
848 3791 881 3852 io
904 3784 1124 3872 autographo,
1155 3814 1334 3880 expresses
1361 3811 1437 3862 sunt
1462 3799 1700 3884 perspicuitatis
1719 3819 1833 3879 causa,
1858 3811 1956 3883 etque
1976 3794 2104 3884 figurae
2128 3793 2282 3879 hierogly-

458 3919 572 4007 pbicse
594 3910 765 3979 breuitatis
785 3908 891 3992 matie
910 3905 1036 3969 ratione
1057 3915 1181 3968 tantum
1201 3905 1326 3995 bosun,
1346 3913 1404 3978 sed
1425 3915 1663 3982 accuratissime
1684 3915 1792 4003 quoad
1811 3916 1951 4000 insignia
1971 3913 2126 3979 redditae.
2167 3910 2282 3974 Liueae

457 4029 633 4125 parallelae
662 4023 783 4110 passim
811 4019 925 4105 figuti!
951 4017 1130 4105 fldwfiptfle
1159 4021 1341 4108 significant
1369 4033 1593 4118 inscriptiones
1623 4029 1883 4120 hieroglyphicas
1905 4034 1940 4096 iu
1972 4029 2124 4116 exemplo
2143 4028 2283 4093 Parisino

458 4150 551 4238 (Vol.
563 4143 624 4211 lv.
638 4137 722 4206 'l'ab
741 4135 808 4219 18.)
829 4136 974 4200 omissas.

543 4261 732 4344 Priusquam
761 4253 802 4317 ad
829 4249 973 4338 singulus
1004 4249 1134 4320 zodiaci
1164 4254 1358 4342 Tentyritici
1386 4274 1497 4346 partes
1527 4267 1787 4354 interpretandas
1818 4265 2015 4343 secedimus,
2050 4258 2170 4324 iuuabit
2190 4279 2284 4341 prae·

458 4381 551 4445 linire
570 4377 680 4462 leges,
703 4372 744 4438 ad
764 4391 844 4459 quas
865 4368 949 4435 buno
970 4370 1209 4454 inscriptionem
1232 4375 1381 4461 deinceps
1402 4375 1649 4462 explicabimus.

541 4494 569 4559 l.
591 4490 700 4569 Quum
722 4489 893 4576 Aegyptii,
922 4499 960 4552 rt
978 4499 1106 4551 veteres
1131 4491 1303 4574 scriptores
1331 4505 1504 4577 testentur,
1532 4499 1756 4586 inscriptiones
1784 4497 2010 4566 astronomicas
2030 4491 2117 4556 omui
2138 4501 2285 4578 tempore

458 4612 652 4678 confecerint
673 4623 707 4674 et
732 4605 1013 4678 contemnuerlutt
1039 4600 1160 4670 clarum
1188 4619 1255 4688 est,
1287 4627 1326 4672 ee
1352 4607 1586 4698 Aegyptiorum
1617 4629 1824 4681 monumenta
1852 4615 2013 4680 continere
2037 4601 2286 4672 obseruationes

458 4725 708 4800 esmonomicss,
731 4742 813 4806 quse
841 4722 959 4785 rationi
981 4725 1194 4788 asuouemiae
1222 4726 1257 4788 iu
1279 4725 1483 4809 rniuersum,
1507 4741 1577 4796 tum
1599 4729 1815 4816 Aegpptiecee
1836 4729 2048 4816 praesertim,
2073 4745 2169 4812 quam
2189 4744 2287 4809 supra

459 4844 680 4932 exposuimus,
700 4837 765 4900 siut
787 4834 1035 4902 accommodata.
1076 4836 1150 4903 Huc
1169 4853 1316 4924 spectent
1337 4844 1560 4930 inscriptiones
1581 4867 1654 4911 com
1674 4845 1868 4934 imaginibus
1887 4848 2057 4932 signorum
2071 4840 2286 4906 zodiaculiom

458 4963 601 5040 ”ime
622 4973 691 5024 ‘¹¹¹¹’
712 4973 786 5020 Μ
806 4952 1015 5022 dl¹¹³⁸l⁰¹¹lb¹¹⁸
1037 4960 1075 5038 ⁷2
1104 4964 1162 5040 12.
1192 4965 1252 5040 28,
1279 4965 1338 5044 36,
1364 4985 1448 5049 quae
1467 4963 1662 5049 respondent
1683 4969 1705 5029 7
1725 4963 1883 5049 planetis,
1906 4965 2087 5050 strigon,
2110 4963 2151 5024 ts
2176 4962 2285 5024 statio-

527 5212 574 5276 ll)
592 5207 626 5262 V.
643 5211 751 5266 Herod.
766 5212 850 5266 Vere.
868 5210 1006 5267 Lerober.
1021 5209 1088 5267 Vol.
1102 5209 1138 5264 ΙΙ.
1160 5211 1198 5264 llo

523 5313 571 5381 13)
588 5309 715 5380 Perarey
733 5310 889 5366 Nouvelles
906 5312 1134 5366 consideratiore
1153 5327 1204 5366 sur
1221 5312 1250 5365 le
1266 5313 1447 5384 planirpbire
1466 5314 1501 5368 de
1520 5314 1656 5369 bendere
1673 5313 1739 5369 l‘ar.
1762 5315 1837 5372 182².
