4830 6102
895 465 1266 546 —377--

234 655 365 734 bibam,
399 654 491 718 cuius
512 653 584 717 soni
606 651 753 718 domiuus
779 655 804 741 t)
830 654 979 723 habemr.
1023 657 1135 722 Litera
1167 672 1289 724 overo
1318 657 1480 746 siguificat
1502 665 1563 741 60,
1593 667 1648 749 qai
1668 686 1820 735 uumerus
1851 673 1874 754 b
1906 697 1996 739 sacer

235 788 305 841 arat
324 776 359 837 in
382 773 534 858 Aegypto
558 767 698 849 (Aeliau.
722 770 785 838 An.
808 772 849 838 L.
864 775 911 840 X.
932 798 960 842 c.
977 781 1030 842 tt.
1053 797 1087 861 p.
1106 759 1233 857 too.).'

152 897 208 980 (ii)
227 909 289 984 Γι,
313 893 441 958 amm.
482 883 611 974 Respa·
635 885 801 954 ocularet
828 893 919 957 risus
947 899 981 973 ιι
1005 907 1101 981 atque
1122 891 1158 964 Θ
1186 891 1332 976 symbola
1354 907 1490 992 erantne
1518 893 1848 969 senteutia'vetemm
1867 907 1997 991 mytho-

234 1007 385 1100 logorom
405 1021 439 1072 ιι
461 1003 709 1098 artrologorarn.
823 1087 829 1096 υ

157 1151 182 1216 n
207 1163 262 1228 tta,
278 1163 331 1236 m,
350 1147 478 1229 portio,
495 1141 699 1226 fasciculus,
723 1163 815 1209 ouer.
833 1142 944 1230 (Cous.
965 1159 1010 1210 ιιι
1033 1147 1154 1230 portio;
1176 1163 1226 1248 qt,
1250 1137 1325 1238 ῲω,
1347 1141 1444 1227 ferre,
1469 1166 1561 1229 ouua,
1584 1155 1680 1234 taor„
1704 1177 1817 1236 quque,
1837 1163 1992 1244 qcpuov).

237 1260 494 1353 Hieroglyphica
515 1273 700 1347 comparata
723 1261 899 1326 solenniter
924 1283 982 1347 pro
1000 1281 1027 1346 p
1050 1261 1253 1342 adhibentur,
1279 1285 1364 1349 quae
1390 1267 1415 1332 a
1442 1277 1491 1328 est
1512 1263 1617 1331 litera.

163 1409 185 1486 ξ
215 1421 291 1480 aaa,
315 1407 400 1479 rete,
422 1395 602 1461 tendicula.
646 1391 727 1457 itate
750 1415 829 1460 vero
852 1411 883 1460 et
907 1399 1185 1482 omueaucipium
1219 1397 1241 1478 ii
1274 1411 1366 1461 eraut
1386 1399 1516 1486 propria
1538 1402 1631 1486 eique
1654 1419 1858 1482 consecratu,
1881 1422 1916 1471 vt
1938 1433 1993 1472 re-

239 1535 326 1583 terea
352 1527 509 1582 testantur
531 1513 577 1594 (p.
595 1509 675 1594 65.).
1727 1577 1739 1586 ,

158 1643 288 1728 Qum,
311 1643 380 1721 aas,
404 1623 578 1705 foramen.
618 1618 677 1692 bn
701 1623 853 1694 malueris
881 1644 1008 1696 vertere
1039 1623 1213 1712 cophinus,
1243 1649 1363 1714 cupro,
1392 1631 1476 1717 quod
1499 1635 1619 1698 rectius
1647 1658 1682 1700 ιι
1707 1631 1827 1702 hahere
1853 1641 1992 1725 ridetur,

238 1753 341 1814 maior
364 1760 413 1812 est
436 1745 522 1810 iuter
543 1739 656 1808 literas
678 1743 846 1810 hebraicas
876 1761 972 1835 atqua
996 1746 1216 1833 Aegyptiacus
1245 1751 1480 1815 conuenientia.
1525 1749 1707 1839 Vtrumque
1731 1776 1807 1820 vero
1832 1756 1995 1846 hierogly-

238 1863 363 1953 phicum
386 1885 405 1949 q
427 1859 595 1948 exprimit,
615 1865 640 1947 2
662 1861 800 1928 literam.
1296 1863 1299 1874 '

156 2001 189 2070 Θ
211 2020 286 2083 torn,
310 2008 422 2085 caprei.
468 1997 574 2062 Omne
597 2007 694 2084 caput
718 1999 872 2086 Aegyptii
891 1997 960 2062 soii
982 2019 1107 2062 sacrum
1129 1995 1287 2084 putabant
1308 2001 1354 2088 (p.
1373 2001 1473 2084 192),
1488 2004 1539 2065 oui
1560 2015 1591 2064 at
1613 2001 1708 2068 litera
1726 2027 1744 2068 r
1762 2011 1895 2094 propriu
1916 2025 1994 2074 erat.

155 2139 183 2198 a*
205 2155 274 2226 qam,
297 2131 389 2199 deae.
426 2131 627 2220 Aegyptiace
650 2131 781 2218 dentes,
806 2147 841 2198 ιι
863 2130 1107 2221 hieroglyphica
1130 2105 1290 2219 adscripta
1313 2133 1447 2216 doceat,
1470 2137 1554 2200 iuter
1582 2134 1669 2200 lubia
1692 2139 1886 2224 pinguntur,
1911 2147 1996 2230 quod

235 2253 386 2319 conuenit
415 2270 488 2314 cum
509 2247 672 2315 Hebraico
694 2253 844 2334 ratione,
865 2253 963 2317 misso
983 2249 1072 2316 labio
1095 2270 1248 2336 superno.
1292 2249 1445 2318 Ceterum
1470 2253 1582 2318 dantes
1605 2257 1635 2318 θ’
1659 2260 1809 2342 proprios
1830 2259 1932 2326 luisse
1951 2283 1995 2326 ex

234 2393 274 2434 eo
295 2367 469 2453 colligitur,
494 2367 580 2454 quod
603 2372 708 2436 omnis
730 2371 880 2434 contritio
903 2381 936 2432 at
958 2371 1126 2436 contrictio
1146 2368 1255 2434 subita
1277 2381 1327 2434 ιιι
1349 2369 1380 2433 d'
1407 2377 1455 2456 (p.
1474 2374 1571 2456 tut).
1717 2411 1750 2460 t

153 2515 186 2586 ιι
208 2524 256 2583 tn,
280 2501 500 2592 conputatio,
521 2500 769 2584 aodaasaas'm
794 2491 984 2570 Germanica
1006 2503 1076 2570 Tua
1092 2502 1205 2586 (Cani.
1224 2504 1323 2598 ωδ,
1341 2505 1478 2590 plt'cttt't,
1496 2487 1871 2593 commmodum).
1898 2510 1995 2580 Certe

235 2623 359 2687 femora
382 2634 415 2685 et
438 2621 538 2706 pedes
568 2634 600 2685 et
627 2621 789 2688 funiculus
810 2620 1074 2708 hieroglyphicas
1096 2620 1281 2708 significant
1302 2621 1354 2700 id,
1384 2633 1418 2703 ιι
1439 2622 1584 2703 literam,
1617 2635 1713 2708 atqua
1736 2625 1834 2708 pedes
1856 2644 1931 2694 aaut
1958 2640 1992 2711 ’b

235 2739 416 2804 mumurati
438 2739 487 2823 (p.
506 2739 604 2822 iiim).

256 2890 320 2954 iiis
346 2891 458 2974 itaque
485 2885 665 2972 exemplis,
695 2885 999 2954 manutenentia
1033 2885 1203 2954 videantur
1232 2887 1348 2968 dubia,
1384 2886 1640 2964 demonstratur,
1675 2887 1774 2953 etiam
1795 2887 1991 2958 Phoenicum

138 3008 202 3078 ‚vel
227 3001 452 3074 Hebraeorum
479 3003 686 3091 alphabetum
709 3003 749 3066 ad
780 3007 1009 3070 autonomiam
1035 3009 1289 3094 antiquissimam
1317 3017 1473 3092 spectaro.
1517 3001 1683 3071 Animalia
1703 3005 1788 3071 enim
1810 3021 1843 3072 et
1865 3020 1991 3076 ceterae

149 3145 221 3204 res,
255 3121 412 3208 aquibus
434 3125 564 3188 nomina
586 3133 619 3186 et
638 3117 766 3208 figurae
791 3119 958 3188 literarum
979 3123 1213 3192 Hebraicarttm
1236 3134 1474 3214 prouenerunt,
1512 3123 1557 3188 iia·
1576 3123 1636 3188 diis
1657 3123 1712 3188 vei
1737 3119 1876 3211 planetis
1898 3145 1992 3193 sacra

151 3255 240 3322 suut,
259 3237 376 3326 quibua
396 3240 529 3305 eaedem
550 3239 665 3304 literas
686 3239 799 3302 ordine
821 3245 1026 3307 mmeniuut.
1070 3243 1197 3310 Scilicet
1218 3245 1339 3326 Moser,
1362 3259 1460 3330 quum
1483 3239 1649 3306 israelitas
1672 3261 1716 3306 ex
1738 3239 1888 3328 Aegypto
1911 3243 1991 3308 edu-

149 3372 248 3434 ceret,
270 3359 401 3422 retinuit
414 3357 529 3422 literae
546 3353 668 3443 populo
681 3377 740 3422 suo
763 3359 842 3422 ιιιὶι
866 3362 1024 3445 cognitas,
1040 3363 1130 3426 cuius
1149 3361 1184 3428 iu
1201 3366 1340 3450 gratiam
1358 3353 1503 3424 iaaaa'et
1523 3361 1715 3423 auctoritate
1730 3357 1839 3424 d'mino
1852 3364 1989 3447 scripsit.

147 3472 508 3561 Nouumalphabetum
531 3497 610 3540 sane
624 3473 780 3539 israelitis
799 3477 1035 3543 incommodum
1057 3480 1182 3546 luisset.
1227 3479 1352 3545 Tanten
1379 3479 1482 3543 Masis
1503 3477 1543 3541 de
1572 3475 1745 3562 alphabeto
1773 3480 1890 3543 merita
1914 3494 1990 3544 suut

148 3595 302 3658 maxima.
346 3589 525 3674 Nimirum,
559 3614 655 3680 quum
675 3590 843 3658 literarum
869 3596 952 3681 apud
973 3596 1153 3682 Aegyptios
1174 3596 1320 3681 symbola
1341 3609 1449 3662 essent
1478 3596 1546 3658 iera
1568 3596 1753 3667 innumera;
1786 3593 1896 3659 Μοιιι
1918 3610 1988 3661 tau·

148 3708 313 3775 turnmodo
342 3713 386 3775 22
416 3707 516 3795 elegit
545 3709 681 3798 ligurus,
714 3711 830 3790 quibua
857 3734 969 3777 omnes
998 3716 1153 3779 orationis
1181 3717 1253 3778 soni
1281 3716 1361 3779 satis
1388 3723 1538 3777 accurate
1567 3709 1707 3792 exprimi
1738 3723 1881 3792 possent.
1924 3711 1988 3776 Pro

148 3828 261 3913 liguria
285 3825 484 3890 adumbratis
505 3825 649 3891 adhibuit
673 3828 834 3915 simplices
857 3831 1077 3911 characteres,
1101 3834 1170 3897 siue
1193 3831 1281 3896 solas
1302 3831 1404 3895 lineas
1426 3827 1518 3890 breui
1541 3845 1639 3888 mauu
1662 3826 1873 3908 compositas,
1898 3839 1932 3890 vt
1953 3829 1986 3892 iu

148 3949 307 4032 scriptura
326 3940 483 4007 hieratica
514 3943 637 4010 accidit.
686 3943 784 4011 Varia
806 3961 914 4013 autem
943 3964 1089 4014 veterum
1112 3946 1284 4034 alphabeta
1308 3945 1388 4009 adeo
1409 3947 1493 4008 inter
1516 3963 1552 4007 sa
1575 3943 1770 4006 conueniunt
1791 3945 1858 4007 auis
1880 3943 1985 4026 lineis,

149 4077 183 4124 ιι
205 4074 319 4146 putes,
339 4060 413 4124 inde
435 4083 454 4124 a
477 4059 569 4126 Mose
592 4063 781 4148 scripturum
804 4065 974 4130 deuenisse
996 4049 1233 4152 simpliciorem.
1276 4063 1362 4127 ilinc
1383 4082 1462 4127 vero
1486 4062 1583 4125 etiam
1606 4057 1727 4123 clarum
1748 4071 1815 4136 ιιι,
1844 4057 1986 4126 Graecos

149 4179 275 4242 nonnisi
297 4191 370 4262 post
397 4176 529 4260 Mosen,
554 4181 672 4266 quippe
694 4201 714 4243 a
734 4178 857 4246 Cadmo
876 4182 1050 4249 Phoenicio
1069 4183 1183 4248 literas
1204 4188 1282 4246 suas
1303 4181 1481 4265 accepisse,
1510 4201 1575 4246 nou
1596 4176 1636 4242 ab
1658 4175 1839 4261 Aegyptiis.
1883 4177 1986 4243 Porro

149 4295 268 4388 Moses,
289 4315 400 4359 omnes
421 4294 532 4359 literas
550 4299 688 4382 primum
710 4299 840 4363 iuuarso
861 4300 972 4366 ordine
994 4302 1192 4386 conscripsit,
1215 4299 1299 4385 quod
1319 4301 1427 4363 manui
1450 4297 1610 4364 humanae
1633 4293 1904 4358 accommodatius
1923 4308 1983 4360 est.

149 4413 292 4497 Apparet
315 4391 405 4476 ¹enim
432 4411 529 4489 (Tab.
547 4414 647 4500 lX.),
685 4418 717 4480 in
740 4415 889 4482 omuibus
911 4417 1149 4484 characteribus
1177 4391 1329 4482 lilosuicis
1361 4439 1417 4481 eas
1441 4427 1548 4501 partas
1576 4413 1617 4477 ad
1645 4413 1806 4476 sinistram
1827 4422 1984 4495 spectare,

146 4550 229 4615 quae
251 4527 334 4612 apud
351 4529 531 4616 Aegyptios
550 4533 589 4595 ad
609 4533 757 4599 dextram
773 4548 929 4618 spectant.
973 4534 1099 4601 Deinde
1118 4536 1180 4602 hoo
1201 4537 1298 4600 etiarn
1315 4537 1394 4620 egit,
1413 4547 1448 4596 vt
1468 4528 1615 4617 singulae
1631 4526 1744 4592 literae
1767 4548 1830 4590 non
1847 4525 1986 4612 amplios

146 4646 372 4732 Aegyptiacis,
399 4631 456 4714 sed
477 4646 647 4713 Hebraicis
668 4649 850 4736 nominibus
878 4652 1128 4738 appellarentur.
1174 4653 1227 4717 Sic
1251 4654 1383 4716 aomina
1411 4649 1577 4715 literarum
1606 4647 1808 4732 antiquarum
1837 4641 1982 4729 Coptica,

144 4785 228 4850 quae
250 4777 316 4826 tum
339 4761 587 4851 hieroglyphicis
616 4777 684 4830 tum
707 4766 876 4834 Hebraicis
895 4771 1105 4855 respondent,
1141 4769 1239 4856 longa
1263 4769 1415 4833 differunt
1445 4764 1485 4832 ab
1507 4763 1694 4844 Hebraicis,
1729 4774 1764 4828 ιι
1784 4779 1833 4850 qm
1855 4774 1889 4825 et
1907 4757 1984 4838 ιΛλ

144 4881 268 4947 oculus.
313 4879 461 4968 Denique
483 4883 594 4948 Moses
615 4884 700 4950 hanc
721 4884 829 4972 legent
849 4902 977 4950 secutus
997 4903 1066 4969 ιιι,
1096 4901 1131 4953 ιι
1159 4886 1385 4973 acrophoniam
1410 4887 1444 4951 in
1467 4883 1664 4971 appellandis
1683 4881 1787 4946 literis
1806 4876 1983 4944 adhiberet.

142 4999 347 5086 Quamquam
373 5000 455 5062 enim
478 4999 735 5088 hieroglyphicas
755 5002 878 5090 figuras
900 5005 1067 5086 retineret,
1093 5021 1199 5070 tamen
1224 5027 1279 5070 eas
1299 5018 1422 5069 tautum
1447 5007 1480 5068 in
1507 5001 1713 5088 alphabetum
1734 5017 1827 5061 saum
1850 5000 1983 5083 recepit,

142 5141 245 5204 quae,
276 5120 304 5181 si
325 5114 487 5182 Hebraico
508 5117 764 5204 appellarentur,
797 5119 839 5184 ab
868 5141 908 5183 aa
929 5117 1024 5184 litera
1046 5120 1101 5185 vel
1128 5142 1208 5186 sono
1229 5123 1406 5205 incipiunt,
1443 5141 1539 5208 quem
1559 5118 1657 5183 litera
1678 5115 1841 5202 exprimit.
1886 5113 1939 5177 Sic
1960 5130 1984 5178 tt

142 5247 281 5300 vocatur
302 5231 419 5320 alepi,
460 5237 611 5320 quoniam
633 5236 731 5325 oleph
754 5236 794 5302 ub
818 5259 839 5303 a
866 5238 996 5322 incipit,
1019 5240 1137 5325 quippe
1158 5260 1251 5325 quem
1276 5259 1388 5304 sonum
1411 5255 1445 5324 tt,
1470 5239 1539 5303 eiua
1559 5234 1666 5323 figura
1694 5235 1779 5300 tauri
1800 5231 1984 5315 exprimere

1465 5337 1570 5406 Bbh
