4882 6098
1172 567 1256 582 --
1315 527 1540 608 340-

456 729 528 814 ipre
552 738 602 792 est
621 719 710 787 haud
729 716 824 782 dnbio
842 715 899 782 ille
921 713 1110 802 Menelaus,
1140 717 1195 801 qni
1215 714 1359 782 'l'roinno
1381 715 1467 782 bello
1488 715 1673 782 interfuisse
1694 727 1729 781 'et
1749 717 1784 782 ia
1803 715 1953 803 Aegypto
1975 731 2122 783 mortuus
2149 739 2224 784 esse
2246 717 2290 783 di·

457 847 541 910 uitnr
560 861 632 907 cnm
648 835 781 920 Canopo
804 833 966 900 nauclero.
1009 829 1105 908 Quod
1119 830 1261 896 breuiter
1278 832 1560 900 demonstrandum
1582 831 1749 899 habemus.
1792 831 1921 898 Nomen
1941 834 2035 900 Sethi
2048 833 2200 901 scribitur
2225 849 2292 900 tnur

459 965 493 1026 in
514 953 714 1040 sarcophago
740 951 937 1032 Britannico,
962 964 1029 1016 tarn
1050 925 1084 1014 in
1107 949 1179 1016 aliis
1200 955 1428 1035 monumentis,
1449 953 1495 1017 vti
1517 954 1550 1017 in
1571 949 1701 1016 Tabula
1722 951 1762 1019 V.
1788 973 1818 1015 a.
1839 951 1915 1016 Lin.
1936 949 1974 1015 Z.
1997 951 2028 1016 h.
2041 973 2069 1016 c.

542 1073 650 1138 Prima
672 1073 810 1136 nominis
832 1069 994 1157 phonetici
1014 1065 1123 1154 figura
1145 1081 1213 1150 est,
1235 1068 1321 1155 qnod
1344 1082 1482 1156 quatuor
1504 1069 1631 1155 palmae
1652 1068 1731 1134 lolia
1753 1082 1930 1148 testantur,
1950 1067 2008 1132 Sol
2030 1071 2075 1154 (p.
2094 1075 2208 1156 174),
2238 1095 2292 1159 ap·

461 1189 601 1280 pellatne
630 1187 832 1282 Aegyptiace
861 1205 918 1292 pa
944 1199 977 1250 et
1013 1182 1069 1261 M
1093 1198 1189 1272 atque
1216 1185 1333 1252 Amen.
1383 1185 1637 1274 Hieroglyphiea
1665 1185 1729 1252 duo
1757 1187 1926 1271 sequentia
1958 1189 2212 1270 pronunciantur
2239 1209 2294 1266 urs

462 1327 586 1390 artare,
610 1313 751 1371 anolus.
795 1303 908 1398 ilabes
936 1306 1044 1390 itaqua
1065 1320 1210 1407 art-ps,
1232 1303 1285 1369 rel
1307 1304 1462 1392 urg-M,
1485 1303 1538 1368 vel
1558 1301 1787 1386 commitatu
1808 1297 1961 1390 naith,
1983 1323 2030 1365 ex
2051 1324 2115 1388 qno
2131 1307 2293 1382 Mneluoc

461 1447 580 1494 nomen
599 1438 716 1492 ortum.
759 1423 933 1509 Accipiter,
955 1423 1031 1500 etii
1053 1434 1086 1482 et
1108 1423 1131 1499 i!
1155 1419 1333 1500 symbolum
1355 1424 1403 1508 (p.
1417 1419 1519 1507 tos.)‚
1540 1416 1703 1505 significat
1722 1416 1813 1495 Seth,
1830 1417 1958 1500 Setlros,
1975 1417 2105 1497 Sethnr,
2120 1433 2168 1484 et·
2179 1441 2293 1508 reapse

462 1544 605 1613 Daouria
626 1544 704 1629 ῼὶιι
731 1547 770 1619 ffi
794 1537 916 1618 sotto,
938 1535 1082 1601 Decuria
1103 1556 1183 1602 vero
1210 1540 1233 1619 ἕ
1262 1532 1345 1618 syro
1371 1536 1422 1603 vel
1442 1540 1499 1602 Σιτ
1521 1549 1690 1602 vocantur.
1719 1532 1832 1600 Habes
1852 1537 1918 1601 iarn
1939 1534 2074 1600 Setlrnsn
2095 1535 2146 1602 rel
2166 1539 2291 1621 Σιθως,

463 1665 601 1750 primurn
622 1660 789 1740 dynastiae
811 1653 912 1718 XIX.
935 1673 1065 1739 regem,
1095 1672 1190 1738 quent
1214 1665 1340 1718 veteres
1360 1653 1549 1741 pleramque
1570 1664 1700 1718 vocant.
1741 1652 1893 1738 Sequitur
1915 1655 2115 1740 contignatio
2139 1654 2292 1740 quaedam

455 1779 519 1845 ,vel
539 1771 691 1840 domicilii
713 1774 847 1858 speciem
867 1773 900 1834 in
917 1789 981 1856 quo
1001 1767 1082 1834 alias
1104 1771 1187 1836 duae
1207 1768 1335 1856 figurae
1355 1773 1504 1838 sedentes
1518 1773 1692 1857 inscriptae
1713 1783 1897 1852 cernamur,
1919 1768 2101 1854 symbolum
2129 1774 2152 1852 ἕ
2175 1770 2295 1838 radat

465 1896 611 1975 Eumeni,
636 1912 695 1956 sen
717 1889 839 1954 domiui
861 1886 1145 1972 terraelp.193.).
1188 1885 1263 1963 Quo
1286 1885 1433 1971 rymlrolo
1454 1903 1612 1954 terrarum
1636 1885 1724 1952 orbis
1744 1905 1809 1978 00,
1832 1889 1887 1952 vel
1909 1888 2094 1954 Oecnmene
2117 1905 2211 1993 τηρ,
2232 1899 2292 1954 oie·

465 2009 587 2094 sedai,
608 2004 819 2095 significatur.
862 2001 956 2080 Quae
979 2027 1046 2070 vox
1065 2027 1137 2070 cnm
1158 2005 1370 2092 praecedente
1391 2007 1559 2072 coniuncta
1581 2003 1678 2072 efficit
1698 2027 1783 2072 nuno
1805 2003 1989 2090 Stel-the,
2010 2027 2096 2072 nunc
2120 2001 2292 2085 sert-rer,

466 2128 676 2210 sertor-ne,
695 2122 780 2188 vnde
801 2121 956 2187 Sesostris
978 2144 1112 2202 nomen,
1135 2121 1221 2208 qnod
1243 2121 1451 2210 aequiualens
1474 2127 1598 2190 nomini
1620 2122 1737 2190 Sethos
1758 2146 1779 2190 a
1800 2123 1944 2192 Diodoro
1967 2125 2112 2188 affertur.
2156 2123 2214 2190 Sin
2235 2121 2295 2206 syl·

467 2247 543 2314 laba
561 2243 617 2310 rto
637 2242 857 2329 praeponitur,
880 2237 981 2304 habes
1001 2238 1136 2320 tle-or,
1159 2256 1348 2344 θογ-ωρ,
1367 2245 1518 2325 occupor,
1541 2265 1604 2330 quo
1625 2244 1755 2308 nomine
1774 2237 2128 2326 Syncellue‹(p.155.)‚
2152 2243 2218 2304 imo
2241 2261 2295 2304 au·

466 2367 586 2452 tiqnior
605 2359 789 2438 historicus,
810 2358 949 2442 primum
971 2356 1138 2440 dynastiae
1158 2356 1260 2422 XIX.
1279 2378 1402 2444 regern,
1425 2361 1576 2425 nimirum
1597 2359 1731 2426 Setlrnru
1753 2359 1904 2446 appellat.
1935 2357 2180 2425 Memorandum
2200 2359 2294 2436 enfin,

466 2482 649 2567 accipitrem
674 2477 772 2541 etiam
795 2498 859 2557 op,
886 2473 1032 2555 Horum,
1059 2471 1244 2560 significare
1267 2475 1429 2560 (p.19³.).
1472 2476 1587 2564 ltaque
1614 2478 1647 2542 in
1677 2476 1885 2564 sarcophago
1907 2475 2093 2542 Britannico
2120 2475 2201 2542 haec
2222 2488 2295 2541 eunt

468 2599 562 2666 lrnins
583 2596 670 2682 regie
691 2593 836 2668 nomina:
861 2587 1009 2668 Touero,
1038 2587 1210 2670 Sesostris,
1236 2589 1364 2670 Selloe,
1388 2591 1556 2676 Messena,
1579 2593 1794 2660 Menelaus.⁴

551 2712 625 2782 Non
646 2715 676 2778 ir
695 2713 769 2793 sim,
791 2711 847 2797 qui
869 2707 1071 2785 contendam,
1092 2705 1278 2774 Menelaum
1293 2705 1430 2776 Homeri
1450 2710 1503 2796 (ll.
1517 2719 1551 2794 β.
1567 2711 1658 2797 590.)
1681 2711 1818 2776 eundem
1838 2731 1911 2775 erre
1930 2724 2026 2800 atque
2045 2711 2296 2796 aegyptiacum
2431 2731 2432 2774 l

465 2835 598 2902 inerunt
620 2845 727 2896 tamen
750 2828 805 2913 qni
824 2847 900 2892 eane
920 2825 953 2890 id
969 2823 1211 2892 contenderent.
1241 2824 1406 2892 Homeros
1423 2827 1567 2895 Graecus
1587 2831 1672 2898 euim
1689 2830 1765 2915 quin
1782 2826 1892 2894 multis
1903 2827 2036 2892 saeculis
2051 2841 2124 2914 port
2140 2826 2296 2890 historiae

467 2950 554 3016 iacta
574 2950 610 3012 in
629 2948 755 3034 patriae
774 2964 853 3010 snae
876 2945 1014 3030 gratiam
1034 2945 1162 3030 poetica
1187 2945 1391 3008 exornauerit
1413 2958 1447 3010 et
1470 2946 1758 3026 transformauerit,
1778 2947 1840 3012 vix
1861 2943 1993 3010 dubium
2015 2957 2073 3010 ent.
2097 2945 2170 3031 lpse
2190 2943 2296 3009 frater

465 3063 609 3134 Menelai
629 3063 853 3150 Agamemnon
880 3063 1228 3158 (Δεε-Με-Δκογη)
1252 3063 1381 3126 nomine
1402 3063 1529 3148 quidem
1558 3077 1607 3128 est
1628 3063 1841 3148 Aegyptiace.
1883 3061 2039 3132 ⁴Ceterum
2062 3074 2203 3138 munst,
2221 3057 2295 3124 Me-
2413 3055 2432 3116 ff

468 3183 598 3250 nahum
619 3183 826 3250 Homericum
846 3198 866 3242 e
888 3176 973 3244 bello
997 3175 1139 3242 Troiano
1161 3178 1308 3244 reducem
1331 3199 1446 3266 reapse
1465 3181 1500 3246 in
1521 3177 1707 3266 Aegyptum
1727 3181 1874 3260 venisse,
1896 3194 1995 3267 atque
2016 3185 2166 3247 nouimus
2187 3177 2298 3244 arbua

470 3312 504 3364 et
524 3317 653 3363 nemum
676 3295 817 3362 Menelai
838 3296 872 3358 in
895 3294 1063 3381 Aegypto,
1085 3293 1205 3360 scilicet
1228 3297 1263 3360 in
1285 3294 1398 3361 ultima
1422 3295 1562 3383 Aegypti
1584 3311 1677 3382 parte
1698 3299 1809 3379 (domo
1836 3304 1865 3377 z
1895 3298 2025 3364 decuria
2045 3301 2096 3385 Θ)
2117 3295 2206 3362 hand
2224 3314 2300 3381 pro·

468 3414 521 3482 cul
544 3413 585 3479 ab
613 3412 814 3479 Alexandria
840 3414 935 3476 sitam
967 3409 1025 3492 (ll.
1042 3415 1073 3490 ξ.
1087 3414 1146 3496 6.).
1189 3413 1296 3478 Etiam
1322 3411 1490 3500 probabile
1519 3429 1587 3496 cst,
1622 3415 1806 3502 Aegyptios
1831 3429 1956 3500 partem
1977 3415 2131 3482 habuisse
2152 3417 2186 3479 in
2213 3409 2299 3478 bello

468 3531 624 3598 Troiano.
667 3530 808 3615 Antiqua
830 3527 916 3590 enirn
929 3527 989 3598 luit
1009 3529 1188 3614 principum
1207 3529 1404 3596 Graecorum
1425 3543 1522 3617 etque
1539 3530 1812 3619 Aegyptiacorum
1834 3534 2017 3610 asarotos,
2031 3547 2129 3621 qunnr
2149 3529 2302 3617 Aegyptii

469 3649 646 3736 antiquitus
669 3649 705 3712 in
726 3645 897 3712 Graeciam
922 3643 1115 3708 deduxerint
1135 3646 1288 3714 colonias.
1332 3644 1441 3723 Quum
1469 3669 1549 3712 uero
1572 3647 1688 3716 Graeci
1709 3654 1807 3716 edura
1828 3662 1941 3738 genter
1968 3651 2039 3716 lere
2061 3648 2237 3730 barbarae,
2265 3661 2304 3710 ut

467 3767 626 3846 Rhodios,
658 3765 845 3849 Symenser,
872 3761 1044 3828 Cretenses
1065 3779 1174 3828 secum
1196 3761 1384 3840 habuerint;
1407 3767 1523 3830 mirum
1546 3787 1623 3831 sane
1645 3779 1749 3850 emet,
1779 3770 1808 3832 si
1833 3767 2015 3854 Aegyptios
2041 3767 2106 3834 sibi
2127 3765 2239 3832 affines
2259 3763 2302 3828 ad

468 3879 627 3948 auxilinm
650 3902 715 3948 non
737 3893 935 3947 auocarent.
978 3876 1140 3958 Nolumus
1161 3899 1289 3964 argere,
1311 3902 1332 3946 a
1353 3879 1569 3948 Troianorum
1594 3883 1738 3969 partibas
1761 3887 1890 3951 stetisse
1910 3889 2116 3972 Πυραιχμην,
2140 3881 2224 3972 qnod
2241 3880 2304 3944 de·

466 4001 569 4069 riuari
585 4010 693 4085 potest
715 4018 735 4061 a
756 4015 1035 4100 prowm-xum,
1056 3992 1293 4079 resaegyprt.
1337 3996 1374 4060 ld
1389 4017 1466 4062 vero
1482 4003 1624 4068 maxime
1639 4007 1834 4072 conueniens
1857 4017 1918 4086 eet,
1941 4003 2028 4090 quod
2049 4017 2178 4068 veteres
2191 4017 2309 4066 omnes

469 4119 610 4201 tradunt,
632 4137 743 4202 regern
765 4113 919 4194 Setinum,
941 4115 1011 4178 niue
1033 4111 1247 4178 Sesostridem
1269 4111 1511 4199 expeditionem
1534 4114 1666 4202 longam
1689 4121 1806 4186 iecieee
1820 4145 1875 4188 ‘ex
1893 4123 2043 4209 Aegypte
2064 4141 2123 4205 par
2143 4117 2312 4182 Palaesti-

467 4256 560 4312 m,
589 4234 733 4319 Syriam,
760 4230 936 4318 Asiamque
963 4232 1138 4311 minorem,
1165 4228 1293 4295 Joninm
1322 4229 1417 4317 (Her.
1433 4231 1584 4317 Hswo.)
1612 4254 1713 4321 usque
1740 4239 1783 4304 ad
1815 4237 2008 4319 Thraciam,
2037 4235 2089 4300 vel
2114 4232 2313 4317 Bosporum

466 4347 652 4418 Thracium.
694 4349 767 4414 Hac
789 4351 874 4415 enirn
895 4351 929 4414 in
954 4349 1087 4434 regione
1113 4347 1177 4412 rita
1195 4347 1256 4410 init
1277 4343 1388 4412 Troia.
1429 4348 1530 4415 Porro
1553 4349 1707 4432 traditur,
1734 4357 1820 4420 inter
1849 4356 2085 4442 expeditionem
2106 4349 2313 4416 Sesostridis

468 4490 584 4535 nouem
606 4487 708 4532 annos
731 4466 857 4552 elapsos
877 4487 961 4532 esse.
1005 4464 1084 4530 Post
1106 4465 1238 4529 totidem
1258 4485 1336 4530 vero
1357 4485 1476 4547 anuos,
1506 4467 1591 4554 quod
1615 4471 1777 4536 neminem
1796 4472 1900 4560 fugit,
1929 4467 2029 4534 Troia
2048 4465 2183 4533 demum
2204 4485 2312 4552 capta

466 4583 539 4649 fuit.
569 4583 696 4650 Addere
708 4584 794 4667 licet,
812 4582 999 4651 Menelaum
1013 4581 1220 4646 Homericum
1243 4601 1370 4667 quoqne
1391 4596 1465 4666 post
1485 4585 1619 4650 totidem
1640 4585 1710 4652 lere
1725 4609 1827 4654 annos
1848 4587 1971 4650 demum
1991 4585 2026 4647 in
2048 4583 2194 4669 'patriani
2209 4585 2310 4650 radi·

464 4703 543 4767 iree.
583 4698 672 4784 Ergo
701 4701 867 4786 expeditio
889 4698 1078 4766 Sesostridis
1108 4697 1272 4764 simillima
1293 4697 1356 4762 suit
1383 4696 1559 4768 Troianae.
1602 4703 1751 4770 Proiecto
1778 4701 1903 4790 quidem
1927 4722 1983 4766 res
2006 4692 2121 4787 gastae
2143 4699 2312 4768 Sesostri·

466 4816 516 4884 dis
536 4816 633 4882 nimis
655 4828 770 4880 auctae
796 4829 829 4881 et
850 4819 882 4880 in
906 4818 1010 4881 mains
1039 4814 1144 4888 elatae
1164 4816 1310 4896 luerunt,
1339 4837 1444 4904 neque
1464 4817 1636 4888 obscurum
1657 4836 1725 4903 est»,
1760 4818 2214 4901 Menotharum-comparasse
2234 4815 2313 4882 Se·

466 4937 633 5000 metridem
651 4933 789 5019 primurn
811 4953 884 4998 cunr
905 4932 1078 5014 Nirnrod03
1100 4932 1157 4997 sed
1179 4931 1421 5016 expeditionem
1436 4937 1626 5008 Sesostridie
1638 4958 1705 5006 non
1725 4940 1881 5004 maionem
1906 4935 2009 5004 luisse
2030 4955 2080 5014 er,
2095 4937 2312 5020 quam2prin-

465 5067 543 5134 cepe
564 5047 744 5136 Aegyptius
767 5051 931 5139 usquead
952 5048 1086 5118 Troiam
1105 5051 1266 5150 europem
1287 5054 1400 5138 possit,
1419 5053 1472 5120 vel
1493 5077 1540 5122 ex
1564 5078 1606 5122 eo
1624 5069 1770 5144 apparet,
1793 5053 1880 5140 quod
1902 5053 2070 5132 &Willis
2090 5063 2312 5136 (llfflw
2431 5047 2432 5070 Χ

464 5165 695 5252 egit,·uouem
716 5188 872 5234 annornm
901 5170 1005 5254 spatio
1029 5164 1207 5232 absolnisse
1234 5183 1395 5236 narratur.
1439 5171 1589 5260 Denique
1611 5172 1847 5260 respiciendum
1869 5183 1919 5234 est
1943 5171 1983 5234 ad
2006 5165 2149 5233 salsulam
2171 5165 2211 5229 de
2230 5163 2309 5228 Ca-
2431 5243 2432 5266 1

461 5301 558 5368 nopo.
601 5279 912 5368 europaeorum,
937 5282 992 5348 vel
1013 5279 1177 5364 Canobus,
1196 5301 1413 5382 unt-uum,
1434 5291 1557 5374 pariter
1575 5303 1676 5378 atqrm
1699 5289 1792 5372 Seth,
1808 5285 1941 5365 Setius,
1964 5285 2083 5362 Satiris,
2102 5282 2315 5349 Mercurium
