4904 6100
894 589 980 608 .-
1036 553 1260 635 ffl7.„

157 753 258 829 ratio,
285 760 319 812 vt
340 747 499 814 monim
526 755 593 824 est,
624 742 798 828 partimin
824 739 1021 830 astrologico
1040 740 1258 828 Trigonomm
1280 759 1462 828 momento,
1492 745 1609 832 partim
1631 746 1665 808 in
1681 741 1882 830 planetarum
1903 745 1989 828 posi·

159 870 242 932 tione
259 863 314 930 illo
338 878 487 949 tenpore
508 858 694 942 obseruata,
717 873 812 926 textu
834 858 1074 947 hieroglyphice
1097 860 1254 946 iudicata,
1276 867 1387 952 vtique
1406 862 1531 928 videtur
1553 860 1665 926 latere.

233 979 315 1048 Τὼ.
331 981 381 1046 11.
401 978 466 1046 No.
481 977 509 1042 l.
549 975 626 1052 Quo
652 973 781 1041 facilins
806 977 889 1042 ratio
920 977 1051 1044 zodiaci
1075 973 1267 1063 Aegyptiaci
1294 980 1504 1045 'laurinensis
1531 979 1670 1065 perspici
1700 980 1830 1064 posset,
1862 973 1992 1062 singula

154 1105 217 1166 eius
238 1097 409 1175 Quadrata
431 1112 503 1160 cura
527 1091 664 1160 inmittis
684 1091 878 1180 signorum,
899 1091 1118 1180 Trigonornm
1139 1110 1174 1160 et
1187 1095 1451 1185 ·Tetrugonornm
1473 1099 1541 1162 suis
1561 1093 1801 1181 hieroglyphice
1822 1093 1991 1176 descriptis

153 1217 318 1282 mnrium
341 1211 708 1300 vulgaremsiguerura
738 1209 884 1276 ordinem
913 1212 1232 1279 enumereurlmsaa
1256 1214 1461 1281 ridebantur.
1505 1212 1600 1291 Quor
1629 1213 1762 1278 semmua
1789 1209 1851 1274 bac
1878 1204 1991 1273 tabula

154 1334 195 1400 ll.
212 1332 305 1400 Nol.
362 1328 514 1396 cm
544 1325 816 1416 Geognybicum·
834 1340 980 1394 nmmum
1009 1327 1211 1396 Teuriuense
1238 1330 1326 1397 linea
1355 1330 1468 1398 ultima
1496 1329 1594 1416 (l'ab.
1607 1327 1651 1394 Il.
1674 1327 1740 1394 Nc.
1752 1325 1815 1413 ll.)
1844 1327 1989 1390 maxima

155 1471 195 1516 ex
216 1463 306 1536 parte
339 1446 457 1512 mem
486 1441 634 1528 symbola
664 1445 879 1510 monentes
904 1443 1061 1528 exhibet,
1092 1467 1174 1534 quae
1198 1445 1356 1516 Zorliacns
1380 1464 1490 1516 nomer
1512 1450 1670 1528 continet,
1700 1465 1826 1532 quasue
1846 1463 1987 1529 supree

156 1581 290 1632 vacrum
310 1564 399 1630 locis
421 1563 550 1631 iamiam
575 1565 735 1628 nouimus.

1002 1766 1039 1883 q.
1066 1771 1137 1854 23.

847 1907 1286 1999 Conclusio

243 2054 331 2131 Quae
350 2057 414 2118 iem
439 2052 481 2117 tls
504 2050 679 2137 symbolice
698 2048 932 2138 Aegyptiorum
956 2057 1173 2120 asmonomica
1191 2053 1440 2144 disputanimus,
1474 2074 1513 2119 ea
1537 2054 1678 2120 breuiter
1699 2051 1741 2118 etl
1762 2051 1868 2136 capita
1890 2067 1987 2135 quae·

162 2174 232 2237 darn
258 2169 380 2238 iuuabit
406 2189 570 2234 reuocare.
613 2166 741 2234 Scilicet
769 2189 868 2254 quum
889 2167 1103 2240 Monumente
1130 2171 1330 2259 Aegyptiace
1356 2173 1429 2259 ipsa
1455 2173 1586 2236 omnino
1614 2166 1804 2234 confirment
1839 2187 1879 2230 en
1906 2183 1989 2250 qnae

163 2288 271 2356 Graeci
293 2289 467 2372 Latinique
492 2287 666 2372 scriptores
693 2285 734 2349 tle
759 2286 927 2352 numinum
951 2287 1186 2378 Aegyptiorum
1220 2289 1376 2376 symbolis
1406 2288 1552 2366 tradunt3
1583 2291 1688 2354 omnia
1714 2307 1793 2353 sane
1815 2278 1989 2368 symbolica

163 2405 385 2493 Aegyptiomm
408 2405 622 2469 astronomica
641 2401 696 2468 bis
717 2401 785 2466 lere
807 2404 992 2491 principiae,
1015 2428 1074 2472 ceu
1095 2406 1304 2473 mulmento
1326 2409 1450 2472 nititur.

243 2519 468 2608 LSymbolice
489 2523 704 2586 oeconomica
724 2518 888 2587 uberrima
908 2535 959 2588 est
983 2525 1190 2612 maximeque
1211 2527 1314 2591 veria.
1365 2521 1474 2600 Quum
1497 2525 1583 2588 enim
1612 2535 1699 2586 totus
1720 2531 1878 2584 terrarum
1899 2511 1988 2578 orbis

160 2642 241 2704 inter
257 2639 397 2726 planetas
418 2651 451 2703 et
474 2639 607 2702 numine
631 2639 844 2702 aruonomica
869 2637 992 2706 diuisus
1018 2653 1187 2726 putaretur
1217 2657 1315 2728 atque
1341 2661 1396 2705 res
1422 2643 1520 2706 etiam
1540 2635 1719 2704 inuisibiles
1747 2655 1784 2699 ac
1804 2627 1988 2719 spirituales

156 2757 266 2823 iisdem
287 2759 378 2876 qstria
399 2724 675 2835 adscribereutnr;
708 2753 816 2818 omnia
837 2775 877 2818 ea
895 2775 957 2842 pro
975 2755 1131 2841 symbolis
1154 2760 1375 2825 astronomicis
1396 2755 1539 2824 adhibita
1560 2767 1635 2821 aaut
1653 2755 1687 2816 in
1707 2750 1834 2835 scriptis
1853 2747 1985 2831 Aegyp·

158 2877 268 2944 tiorum
284 2873 538 2950 §stronomioim
570 2890 652 2957 quaa
678 2867 766 2935 facili
796 2873 925 2957 negotio
955 2871 1092 2940 describi
1114 2888 1147 2939 et
1173 2876 1410 2962 repraesentari
1430 2886 1572 2962 possent.
1616 2867 1691 2948 Qua
1712 2867 1752 2932 tle
1772 2863 1871 2932 cansa
1887 2862 1985 2928 iidem

156 2992 300 3079 planetae
321 2991 518 3077 caedereque
537 2987 669 3054 Zotlieci
691 3000 799 3072 partes
820 3009 886 3052 non
909 3010 973 3054 vno
996 2988 1152 3074 symbolo,
1176 3005 1214 3058 vt
1235 2990 1322 3079 apud
1343 3013 1403 3057 nos
1428 2989 1569 3058 solemne
1594 3003 1655 3065 est,
1678 2986 1736 3053 setl
1755 2981 1866 3051 multis
1888 2993 1985 3067 atque

33 3187 37 3197 ῃ
152 3132 247 3205 quam
270 3110 525 3187 maximeiuter
554 3127 590 3172 se
612 3104 747 3169 iiumsis
775 3107 916 3190 exprimi
937 3105 1053 3174 solent.
1096 3105 1174 3176 vit.
1190 3108 1218 3174 l.
1233 3108 1263 3184 i.
1277 3113 1430 3176 trs-ta.
1453 3108 1499 3175 11.
1514 3112 1545 3189 i.
1560 3111 1692 3174 s-tt.
1714 3098 1799 3169 Tab.
1812 3099 1856 3166 11.
1877 3097 1941 3165 No.
1957 3097 1992 3166 l.⁴

233 3223 279 3288 ll.
310 3225 432 3292 Omnia
457 3224 607 3309 planetae
644 3219 809 3287 cutustem
845 3219 992 3305 symbola
1019 3226 1274 3314 elurespoutlent
1308 3229 1565 3314 conuenientque
1591 3238 1725 3313 propter
1753 3223 1895 3286 renones
1928 3227 1985 3279 ant

148 3339 330 3425 aemalae,
353 3355 411 3406 aut
431 3337 663 3426 philosophicas
683 3337 736 3403 vel
758 3337 981 3427 ntrotcgtcm.
1025 3341 1078 3408 Sic
1101 3343 1253 3412 animalia
1271 3345 1361 3412 lenta
1379 3343 1519 3434 planetis
1533 3343 1642 3428 lentis,
1664 3340 1788 3408 velocia
1807 3331 1985 3413 velocibus,

150 3461 227 3527 loca
253 3457 320 3524 alta
350 3457 441 3541 atur,
477 3457 625 3543 capream
655 3455 815 3544 depressis
845 3456 1068 3524 adscribuntur
1100 3458 1156 3526 ex'
1174 3466 1300 3529 ratione
1335 3463 1491 3540 naturali;
1527 3462 1629 3529 veluti
1662 3481 1756 3526 anser
1784 3469 1818 3522 ct
1844 3452 1907 3519 bon
1940 3447 1983 3527 b,

152 3596 274 3644 ΠΜ
292 3592 325 3643 θῒ
344 3573 451 3664 aquila
476 3581 531 3657 ²t‚
559 3595 637 3642 ΒΜ
658 3577 782 3641 uicinos
809 3579 857 3662 ἒ,
889 3577 1003 3662 vipera
1024 3583 1082 3656 ch
1108 3584 1267 3648 montium
1288 3584 1455 3650 cacumine
1478 3583 1503 3666 ᾖ
1529 3594 1562 3646 ct
1584 3589 1633 3664 it,
1659 3577 1733 3643 loca
1753 3569 1935 3659 stagnantia
1951 3575 1985 3626 oi

154 3716 238 3761 Μ
271 3699 309 3772 l·
351 3691 427 3759 Alia
453 3692 566 3758 rideas
591 3692 706 3758 iisdem
733 3696 769 3760 in
797 3697 849 3776 ii.
891 3692 1030 3762 liatiene
1058 3717 1138 3762 vero
1167 3698 1392 3788 philosophica
1420 3697 1476 3763 vel
1504 3694 1698 3782 asuelogica
1724 3689 1819 3756 malis
1846 3680 1984 3774 planati·

152 3809 304 3880 animalia
324 3807 426 3890 melu,
448 3809 541 3875 bouis
563 3808 649 3876 bona
671 3809 866 3896 tribuuntur,
889 3813 992 3879 veluti
1014 3813 1190 3882 crocodilus
1210 3831 1244 3883 et
1262 3813 1557 3906 hippopotamnsb
1586 3827 1620 3878 et
1637 3813 1683 3896 ἃ,
1703 3807 1806 3876 boues
1826 3805 1863 3884 Θ
1883 3812 1916 3864 ⁰⁸
1939 3803 1983 3876 ἶ·

148 3931 241 3996 ltiem
272 3927 358 3995 valet
386 3928 427 3993 da
457 3925 581 3993 artibus
607 3941 641 3992 et
670 3927 807 4017 opificiis
837 3929 1004 4011 humanis,
1036 3955 1145 4000 rerum
1177 3935 1344 4002 ouantibus
1370 3933 1505 4018 aliisque
1533 3929 1640 3998 rebus.
1691 3923 1768 3996 Viri.
1795 3920 1841 3988 ib.
1873 3930 1906 3984 et
1926 3933 1985 3982 uo·

148 4051 292 4117 meacm
313 4042 400 4112 Teb.
417 4041 463 4109 Π.
486 4057 548 4127 γ,
569 4065 631 4130 ac,
659 4057 710 4129 g.
1825 4036 1831 4044 ’

228 4165 293 4234 111.
316 4160 498 4250 symbolice
526 4162 760 4250 Aegyptiorum
787 4169 1001 4236 mmocomica
1025 4170 1144 4256 partim
1170 4179 1221 4232 est
1250 4165 1442 4253 phanatica,
1469 4173 1588 4256 purtim
1616 4159 1801 4253 symbolice.
1843 4151 1984 4220 Nomina

152 4289 274 4374 quidem
296 4301 409 4350 rernm
430 4293 463 4344 et
487 4282 679 4366 cognomine
701 4295 775 4348 sunt
795 4279 942 4367 symbola
972 4305 1080 4350 rerum
1105 4297 1179 4367 aut,
1210 4306 1308 4372 quum
1329 4291 1598 4374 pronunciantur,
1629 4281 1740 4350 auditu
1760 4267 1985 4366 percipiente,-

159 4417 223 4486 aot,
244 4421 342 4490 quum
362 4399 451 4464 sonis
474 4398 601 4482 scriptia
624 4397 864 4484 significantur,
887 4400 989 4466 oculis
1012 4401 1066 4466 vel
1089 4414 1176 4466 tactu
1197 4403 1418 4492 intelligenda.

239 4519 301 4584 tv.
326 4516 502 4581 Phonetica
530 4519 747 4583 astronomiae
768 4516 987 4606 Aegyptiacae
1014 4516 1161 4603 symbola
1186 4535 1262 4586 sunt
1294 4537 1350 4588 ant
1372 4522 1549 4602 naturalia,
1580 4531 1635 4584 aut
1662 4509 1903 4602 pertemptata,
1930 4503 1985 4570 V0l

146 4635 360 4721 meologtcs.
400 4631 494 4709 Quae
516 4635 602 4700 enim
624 4637 753 4702 nomina
777 4650 811 4701 et
839 4639 1031 4725 cognomina
1060 4651 1219 4704 astrorum
1249 4637 1290 4704 ab
1313 4662 1423 4706 earum
1443 4652 1559 4704 nature
1585 4645 1793 4721 repetuntur,
1824 4623 1986 4693 naturalia

148 4757 306 4834 dicimm,
344 4749 443 4816 relati
469 4749 585 4836 Itepta
610 4747 706 4836 (rab.
724 4751 768 4817 11.
783 4757 826 4839 Χ)
856 4777 877 4819 a
908 4739 1079 4842 splendore
1109 4762 1325 4841 ttrnoeturno
1354 4759 1511 4844 peu‘tum,
1541 4767 1574 4822 et
1600 4751 1666 4820 alia
1691 4749 1750 4834 (Il.
1765 4755 1796 4829 ἦ.
1810 4753 1843 4811 4.
1857 4768 1890 4833 p·
1903 4739 1982 4824 81·)·

32 4932 33 4936 ,
145 4872 355 4958 Astrologiea
373 4889 453 4933 raro
480 4869 605 4933 raucus
626 4870 654 4946 ὃ
677 4881 809 4934 vocatur
830 4869 966 4951 Ertcse',
995 4867 1132 4937 Molocl
1155 4883 1188 4935 et
1209 4871 1302 4938 aliter
1333 4873 1392 4957 (11.
1408 4874 1438 4950 ς.
1453 4880 1485 4938 4.
1505 4895 1537 4960 p.
1554 4871 1633 4958 81.).
1676 4865 1768 4934 Idem
1789 4863 1874 4930 cadit
1894 4855 1983 4923 bauti

33 4970 34 4974 Ἰ
144 4991 247 5058 dubie
267 4993 304 5054 in
325 4987 452 5074 reliqua
480 4987 610 5052 uomina
639 4987 868 5065 astronomica,
896 5008 1032 5073 quorum
1058 4989 1253 5054 mentionem
1283 4989 1418 5057 fecimus
1446 5013 1545 5079 supra
1565 4989 1607 5076 (Ι.
1625 4990 1656 5067 fl.
1670 4992 1722 5050 12.
1737 4984 1769 5061 i.
1784 4983 1836 5046 16.
1850 4983 1881 5060 ἦ.
1902 4979 1983 5061 17.),

38 5156 44 5167 .
141 5125 177 5175 et
199 5127 289 5196 qnae
309 5107 343 5171 in
366 5107 495 5190 scriptis
517 5108 738 5173 astronomicis
757 5101 1007 5190 hieroglyphicis
1026 5105 1239 5190 reperiantur.

40 5308 45 5325 Ι
226 5225 273 5291 V.
301 5219 458 5308 Symbola
486 5226 698 5290 astronomica
725 5225 854 5311 proprie
882 5224 928 5288 sic
954 5221 1038 5288 dicta
1061 5222 1179 5309 partim
1199 5220 1392 5310 physicalia,
1420 5221 1538 5312 partim
1564 5217 1783 5308 mythologice
1803 5228 1888 5282 snut.
1930 5209 1983 5276 Aa

30 5350 46 5401 ὓ
138 5341 290 5429 symbola
309 5339 489 5428 physicalis
508 5343 670 5428 pertinent
689 5343 847 5430 imagines
866 5340 1051 5425 bominum,
1074 5340 1260 5407 animalium
1267 5389 1278 5425 ,
1300 5341 1551 5432 vegetabilium,
1575 5361 1747 5427 eommque
1767 5345 1894 5422 pertas,
1914 5341 1983 5393 *Μ

134 5460 291 5543 artificia,
314 5461 544 5544 instrumenta,
566 5458 692 5548 figurae
712 5459 957 5530 mathematicae
980 5461 1113 5550 eiusque
1134 5464 1261 5550 generis
1286 5459 1361 5528 alia.
1403 5461 1457 5529 Sic
1473 5461 1582 5529 vultur
1602 5461 1639 5544 ἢ,
1662 5475 1741 5522 rene
1767 5459 1816 5536 24,
1837 5447 1984 5518 minimsr
