4896 6096
1162 557 1504 638 ...56-

425 761 487 829 aibi
501 757 580 825 velit
602 775 704 822 annm
725 752 781 818 ille
801 771 948 836 magur,
972 767 1036 834 qne
1054 767 1164 810 rernm
1184 748 1326 812 omniurn
1344 743 1580 832 riciaaitrffinaa
1600 743 1692 810 ullo
1712 744 1764 808 dia
1783 743 1935 832 nun-qu
1949 745 2038 810 hora
2049 749 2115 812 aiat
2130 748 2262 812 medana

425 880 480 946 vel
501 879 579 942 aetia
597 870 735 952 omues,
757 889 819 955 quo
841 889 918 931 vero
941 864 1088 930 absoluto
1110 885 1218 928 rerum
1238 864 1380 929 omnium
1399 861 1631 947 redintegratio
1650 859 1854 951 latorumque
1872 867 2025 950 repetitio
2040 867 2182 950 incipero
2195 885 2265 928 ere·

427 994 571 1061 debatur.
617 987 769 1054 Cetemm
789 986 851 1050 hae
875 982 933 1048 tali
955 979 1020 1046 fide
1041 1003 1169 1046 omnem
1191 981 1331 1046 numinis
1355 975 1397 1044 0.
1421 977 1468 1044 Μ.
1492 993 1525 1044 et
1546 979 1801 1065 prouidentiam,
1833 994 1868 1044 et
1895 983 2097 1067 sapientiam,
2127 995 2159 1046 et
2188 1005 2264 1069 gra·

426 1117 503 1178 dam
524 1133 542 1174 e
563 1105 669 1172 medio
690 1102 761 1169 tolli
784 1114 835 1183 et,
858 1121 941 1186 quae
961 1098 1059 1164 homo
1082 1113 1138 1163 aut
1159 1097 1242 1164 bene
1263 1099 1427 1178 meruerit,
1449 1109 1506 1160 ant
1527 1097 1727 1182 peccauerit,
1752 1096 1791 1160 ad
1813 1097 1922 1162 ferrea
1942 1099 2001 1162 lati
2023 1099 2265 1185 inexplicabilis

426 1245 460 1297 ot
478 1221 690 1294 inexorabilis
714 1220 842 1284 decreta
862 1217 994 1292 referri3
1015 1217 1049 1281 id
1070 1218 1135 1282 im
1158 1215 1361 1282 venerandae
1381 1214 1500 1294 Pater,
1520 1205 1647 1281 &xia
1664 1213 1845 1300 Empiricne
1867 1215 1901 1278 in
1922 1213 2006 1280 libro
2028 1239 2088 1284 auo
2108 1216 2264 1283 aduersus

426 1345 607 1432 attrologoe
628 1321 766 1404 docuit.¹
791 1335 861 1400 lant
883 1335 1015 1422 propius
1037 1331 1077 1396 ad
1098 1351 1166 1396 rem
1190 1332 1391 1396 accedamus.
1433 1329 1476 1394 Et
1495 1344 1620 1396 conetat
1644 1330 1822 1418 mtrologie
1843 1329 2046 1418 Aegyptiam
2063 1333 2114 1398 hia
2135 1335 2264 1420 quidem

425 1461 584 1551 capitibus
605 1455 766 1546 primariis
780 1455 845 1536 25).
1131 1425 1136 1438 ,
1909 1439 1914 1450 ’

510 1579 538 1646 l.
560 1576 764 1644 Planetarum
787 1569 841 1634 alii
860 1580 935 1632 aunt
958 1563 1105 1648 benefici,
1131 1565 1186 1629 olii
1207 1561 1357 1644 malefici,
1383 1561 1437 1630 alii
1453 1565 1589 1652 denique
1612 1587 1697 1630 anne
1717 1564 1808 1646 boni,
1829 1585 1912 1630 niune
1929 1565 2016 1660 mali.
2062 1567 2090 1634 A
2113 1566 2264 1634 ben‘eficio

427 1697 620 1786 pannoniam
641 1709 848 1779 quaecunque
871 1685 1020 1750 accidunt
1044 1681 1129 1748 bona
1151 1681 1355 1765 hominibus,
1378 1706 1399 1748 a
1420 1679 1576 1746 ntaleficie
1601 1697 1724 1747 contra.
1769 1681 1813 1762 Et
1834 1679 1969 1746 benefici
1991 1698 2067 1746 aunt
2087 1705 2214 1770 serrrper
2237 1673 2263 1768 ζ

428 1831 461 1881 et
481 1821 523 1900 2,
545 1806 684 1876 malefici
704 1811 730 1884 b
753 1818 786 1870 et
808 1807 859 1885 α’,
891 1805 1001 1868 varior
1023 1813 1130 1864 autern
1161 1801 1203 1879 ξ.
1254 1800 1318 1864 Sed
1337 1809 1372 1876 Θ
1394 1812 1427 1864 et
1448 1803 1494 1886 2,
1519 1801 1665 1886 quamuis
1686 1802 1752 1865 aiut
1774 1819 1899 1886 qnoque
1922 1797 2061 1864 benefici
2083 1823 2209 1888 semper
2232 1819 2263 1866 et

429 1935 580 2000 [mucra
601 1924 733 2011 reliquis
755 1919 923 2000 omnibus,
949 1917 1047 1984 aliam
1068 1929 1173 1980 tamen
1198 1920 1263 1986 vinu
1286 1915 1408 1982 habent
1429 1919 1463 1981 in
1486 1916 1557 1982 aliia
1580 1916 1672 1982 locis.
1763 1996 1767 2004 Ι

512 2049 557 2114 11.
578 2041 699 2111 Stellae
718 2057 830 2104 omnen
852 2051 947 2123 atque
968 2031 1238 2113 constellationes,
1263 2035 1407 2100 uinxime
1426 2035 1460 2098 in
1471 2033 1611 2100 Zodiaco
1622 2035 1761 2121 nonime,
1784 2033 1867 2097 aliae
1889 2033 2052 2100 beneficae
2074 2049 2164 2116 enat,'
2181 2059 2263 2122 quae

429 2168 577 2254 planatae
597 2161 701 2226 bonos
719 2155 839 2222 habent
861 2155 1026 2234 dominos,
1049 2149 1132 2214 aliae
1155 2148 1343 2234 maleficae,
1367 2149 1521 2218 maleficia
1542 2151 1684 2240 planetis
1704 2153 1868 2236 addictae,
1891 2167 1926 2218 nt
1950 2159 1980 2233 z
2005 2165 2038 2217 et
2060 2173 2121 2236 ez,
2145 2156 2264 2240 quippe

429 2283 544 2371 quibua
568 2284 597 2363 ᾖ
619 2291 655 2343 ut
676 2275 823 2340 dominun
844 2273 956 2336 domus
978 2281 1116 2356 praeeat.

513 2397 575 2464 Ill.
607 2392 727 2459 Circnli
751 2391 952 2475 horoscopici
971 2387 1042 2452 loca
1065 2385 1131 2450 alie
1153 2384 1412 2468 nnatbereina,
1435 2385 1502 2452 elia
1521 2383 1680 2472 malefica,
1701 2388 1876 2476 dequibus
1901 2410 1999 2474 supra
2022 2387 2219 2452 dictumest.

515 2514 579 2580 lv.
605 2509 769 2598 Tempora
787 2510 893 2574 lanata
914 2519 1007 2587 eunt,
1031 2524 1114 2590 quae
1137 2499 1301 2567 beneficos
1324 2502 1472 2592 planetae
1495 2502 1642 2586 dominor
1665 2504 1807 2588 habent,
1828 2507 1971 2572 inlausta
1992 2519 2113 2572 eontra.

511 2632 555 2696 V.
584 2626 746 2705 Quamdiu
775 2625 905 2716 planeta
933 2621 1063 2709 quidam
1089 2623 1123 2686 in
1152 2618 1314 2686 domicilio
1339 2620 1422 2685 aliua
1452 2621 1572 2685 domini
1603 2638 1774 2706 versatur,
1804 2628 1890 2690 vires
1918 2624 2014 2688 huius
2043 2622 2164 2688 domini
2192 2645 2262 2686 curu

428 2750 550 2818 viribus
571 2746 720 2836 planetae
741 2743 878 2834 quodam
908 2740 1001 2806 modo
1023 2741 1279 2826 coniunguntur,
1307 2739 1355 2802 ita
1372 2738 1524 2826 quidem,
1556 2753 1591 2803 vt
1610 2738 1749 2805 malefici
1778 2755 1810 2806 et
1839 2735 1974 2806 benefici
2005 2741 2121 2828 quique
2143 2742 2184 2806 de
2203 2763 2263 2806 aua

429 2881 545 2934 natura
566 2862 686 2948 aliquid
704 2860 842 2947 perdant
861 2881 899 2924 ac
920 2859 1086 2922 remittant
1103 2859 1135 2919 in
1156 2858 1296 2942 gratiam
1320 2857 1482 2921 contrarii.
1525 2855 1615 2920 Idem
1634 2858 1722 2923 valet
1744 2859 1784 2922 de
1806 2858 1943 2924 dominio
1967 2870 2146 2944 temporum
2167 2873 2202 2924 et
2223 2860 2262 2924 de

427 2985 628 3066 Horoeoopo.

515 3096 577 3162 vl.
607 3091 681 3170 Quo
703 3091 853 3158 lortiorea
876 3092 940 3155 sint
962 3106 1117 3174 personae
1132 3061 1433 3171 'apotelesmaticae
1457 3113 1496 3154 eo
1518 3092 1624 3154 minus
1647 3089 1688 3154 de
1710 3088 1833 3182 uirilius
1854 3091 2084 3176 sciscendum,
2108 3117 2146 3158 eo
2161 3097 2262 3180 magis

432 3238 508 3280 vero
533 3211 665 3278 alterins
686 3209 973 3273 dominicaturam
996 3205 1065 3268 aine
1089 3202 1208 3267 malam
1229 3206 1299 3268 ciue
1319 3204 1437 3272 boum
1458 3207 1648 3293 infringunt.

515 3328 593 3395 vll.
621 3327 709 3392 luter
727 3327 876 3411 planetae
894 3321 1022 3409 quidun
1043 3328 1085 3406 Θ
1098 3334 1131 3384 et
1152 3323 1180 3407 1>
1201 3320 1368 3388 lortiouirni
1389 3337 1475 3402 ant,
1496 3323 1613 3410 reliqui
1634 3345 1673 3390 eo
1693 3323 1856 3406 leniora,
1879 3345 1943 3411 quo
1966 3327 2070 3411 magia
2090 3330 2262 3414 propinqui

430 3449 476 3520 Θ.
520 3444 652 3514 Domini
672 3465 750 3508 vero
772 3441 902 3508 zodiaci
924 3453 956 3502 et
976 3452 1174 3524 temporam,
1205 3436 1281 3502 lieet
1310 3438 1480 3505 inferiores
1501 3439 1664 3529 planetis,
1690 3413 1729 3505 ed
1751 3441 1902 3508 fortiores
1921 3458 2014 3524 sunt,
2051 3435 2119 3530 quo'
2139 3449 2264 3510 maiora

431 3572 495 3634 sint
517 3577 573 3630 eut
593 3563 737 3628 locorum
760 3556 966 3637 coeleutlum,
994 3569 1051 3620 eut
1072 3569 1251 3641 temporum
1269 3577 1399 3620 suorum
1427 3559 1541 3642 spatia.
1593 3555 1657 3633 Qui
1679 3558 1757 3622 ordo
1780 3561 1826 3622 aio
1848 3582 1883 3624 se
1905 3558 2025 3626 habere
2055 3562 2180 3626 videtur
2202 3587 2262 3650 pro

429 3684 565 3750 dominis
588 3679 741 3767 eclipticie
765 3692 862 3766 atque
883 3671 1204 3739 Chronocratoriltne.
1491 3755 1494 3764 ι

689 3833 692 3837 “
742 3828 929 3902 Maccus
1158 3923 1161 3930 Ι
1607 3824 1767 3924 Tempus

503 3963 755 4051 Hauniapherin
925 3959 1032 4024 llario
1347 3955 1435 4021 Ani
1452 3955 1649 4022 eminatam
1766 3960 1971 4044 Septhrmuae

504 4069 658 4136 Trieateu
929 4059 1155 4124 liccatemoria
1347 4055 1501 4124 Periodna
1521 4057 1692 4126 Phoenicia
1766 4060 1850 4126 nur

504 4171 708 4249 Quadrantcs
930 4159 1220 4224 liuodecatcmoria
1349 4157 1582 4226 Generationee
1765 4160 1910 4228 lntaudiu

504 4273 604 4360 signa
925 4259 1133 4325 lcoetemoria
1347 4259 1501 4324 Periodue
1525 4262 1638 4347 Apidia
1766 4262 1886 4328 Noctes

504 4371 649 4459 Trigone
926 4362 1253 4427 lcostotetartemoria
1346 4361 1525 4426 Enncatica
1725 4371 1728 4376 '
1764 4359 1929 4449 Torupora
1953 4367 2016 4428 dici

503 4471 689 4558 'l'etragona
925 4463 1058 4530 lloerae
1081 4483 1107 4527 a.
1131 4462 1257 4528 Gradus
1342 4461 1576 4528 Hebdomaticn
1764 4463 1873 4528 Horae

504 4575 691 4658 llcxagona
924 4567 1051 4631 Minuta
1238 4553 1267 4584 ”
1346 4559 1572 4650 Tempestatee
1766 4565 1892 4630 Minuta
1936 4581 1938 4590 ·

495 4675 664 4740 nonnae
1339 4666 1471 4732 olm
1519 4749 1524 4768 x

512 4821 606 4887 Vlll.
639 4821 739 4900 Loca,
765 4815 882 4904 quibua
903 4815 1054 4903 planctae
1075 4817 1160 4878 viret
1182 4835 1259 4878 euaa
1278 4818 1421 4880 maxime
1442 4826 1617 4896 exuerant,
1649 4826 1724 4877 aunt
1747 4835 1857 4878 eorum
1883 4815 2083 4903 Hypsornata
2104 4835 2135 4880 et
2156 4819 2259 4884 dorni·

426 4938 499 5003 cilia
519 4940 670 5024 propria3
693 4937 824 5000 minime
844 4932 952 4997 valent
972 4935 1005 4996 in
1026 4931 1304 5019 'l'apinornatihno‚
1329 4933 1369 4996 de
1394 4955 1456 5018 quo
1479 4953 1577 5017 cupre
1596 4931 1805 5020 disputatum.

492 5165 536 5228 25)
556 5165 735 5228 Ptolemaeus
755 5167 937 5234 Quadripert.
957 5165 1023 5218 m.
1041 5167 1107 5234 ni.
1127 5165 1170 5220 83.
1188 5169 1232 5219 tt.
1253 5171 1349 5220 nuli.
1379 5167 1484 5221 Sextus
1506 5168 1610 5234 Enipir.
1632 5167 1713 5220 L.V.
1735 5185 1760 5236 p.
1777 5167 1837 5221 343.
1865 5167 1983 5222 Diodcr.
2012 5165 2066 5218 Sic.
2086 5167 2149 5221 1,.1.
2170 5185 2195 5238 p.
2218 5174 2256 5222 tu.

426 5249 609 5304 illacetlronie
631 5251 803 5320 Apoteleem.
824 5250 856 5302 L.
865 5253 886 5302 l.
905 5249 966 5302 203.
982 5251 1119 5304 Manilius
1136 5252 1298 5304 detrorum.
1321 5251 1361 5316 15,
1379 5253 1425 5310 tt.
1448 5252 1490 5316 lo,
1511 5251 1552 5304 tt.
1582 5253 1733 5314 Firmiouo,
1753 5257 1941 5316 Censorinus,
1962 5253 2084 5305 llernuea
2104 5253 2257 5322 Contiloq„

426 5335 532 5388 l'aulua
554 5337 751 5402 Alexandrian,
771 5337 909 5418 l’rorlue,
926 5337 1044 5388 Vettius
1064 5336 1184 5398 velena,
1203 5334 1399 5402 Porphyrion,
1418 5337 1596 5404 Augustinus
1614 5339 1722 5392 etalii.
