4860 6092
887 515 1397 593 -137-·

154 699 334 764 mulacrum
352 695 533 762 Mineruae
552 699 683 782 (Neith)
706 701 851 765 sedentis
873 710 1068 770 tenuerunt.
1093 704 1273 790 Horapollo
1296 704 1337 787 (1.
1355 708 1421 787 12.)
1441 707 1557 788 tradit,
1578 710 1714 776 eandem
1729 731 1801 778 esse
1822 724 1982 788 marculo·

150 816 313 892 seminum
339 817 432 902 eique
450 814 657 882 scarabaeum
680 819 823 904 appingi.

234 930 415 1016 Ncpdtdye‚
437 933 817 1020 ll⁷rqdo;,15significat,
849 934 873 1017 i)
906 933 1076 1016 domicilia,
1099 941 1243 1002 rnaxime
1274 946 1323 1020 z,
1346 961 1489 1006 necnon
1513 963 1538 1029 Β
1561 942 1593 1003 in
1625 941 1649 1024 h
1681 941 1830 1012 dominiis
1852 975 2007 1030 versun.⁸

151 1061 225 1112 tem.
270 1048 420 1114 Vidimus
451 1053 537 1116 enim
565 1051 607 1137 (l.
628 1050 657 1126 ἦ.
671 1055 722 1114 34.
735 1074 768 1135 p.
786 1052 875 1134 41),
906 1049 1112 1116 Plutarchum
1142 1053 1317 1140 Nephthyu
1344 1059 1428 1121 inter
1456 1079 1495 1122 ea
1521 1059 1653 1122 numina
1674 1079 1863 1149 numerare,
1898 1095 1979 1156 qnae

148 1185 221 1228 cnm
244 1179 368 1250 septem
387 1167 564 1234 sanioribus
587 1174 626 1232 12
646 1169 740 1253 signa
761 1168 891 1234 aninci
914 1171 1116 1252 occuparint3
1139 1193 1274 1258 ermque
1296 1170 1408 1237 ultimo
1429 1172 1501 1238 loco
1522 1177 1623 1260 ponit,
1648 1197 1711 1262 qno
1732 1176 1894 1248 Diodorus
1912 1187 1979 1252 Ve-

147 1301 255 1346 nerem
280 1284 468 1372 (Vraninm)
490 1297 729 1351 commemorat.
773 1285 860 1372 Ergo
881 1284 1062 1371 Nephthys,
1086 1308 1183 1371 quum
1205 1287 1329 1376 reliqua
1349 1288 1487 1375 planetis
1514 1296 1537 1376 ἕ
1572 1310 1593 1379 2
1621 1295 1706 1378 (Μ)
1727 1300 1979 1382 conueniantb

146 1396 276 1464 domum
305 1400 478 1484 significat.
521 1403 622 1465 Porro
654 1403 827 1482 nouimus,
853 1403 948 1465 deum
982 1414 1131 1466 octauum
1164 1415 1203 1480 nn
1235 1407 1446 1487 respondere,
1475 1411 1525 1471 etri
1554 1411 1648 1492 signo
1676 1417 1826 1479 conuenit
1853 1415 1978 1483 Nomos

143 1511 291 1600 Memphi
303 1519 474 1602 proximus
494 1515 638 1578 inferior.
679 1515 768 1600 Ergo
786 1513 975 1600 Nephthyos
995 1517 1162 1601 prouincia
1176 1517 1260 1581 cadit
1276 1521 1308 1582 in
1331 1519 1458 1584 domum
1477 1519 1501 1604 l)
1520 1521 1666 1588 ultimam
1682 1531 1975 1617 septentrionalem,

144 1631 221 1694 sine·
237 1633 270 1696 in
300 1639 350 1712 z,
376 1633 467 1696 cuius
494 1631 639 1717 capitalis
664 1645 713 1696 est
742 1630 945 1696 Alexandria
973 1654 1030 1696 seu
1059 1633 1180 1698 Racoti.
1223 1633 1349 1720 Reapse
1378 1639 1470 1722 signo
1504 1645 1532 1718 56
1571 1656 1700 1726 praeest
1729 1647 1754 1726 i)
1791 1646 1975 1736 femininus,

142 1763 186 1808 :tt
210 1743 237 1812 ἲ)
265 1748 471 1814 masculinus.
501 1746 593 1823 Quae
617 1751 851 1847 argumentatio
877 1747 949 1812 aliis
972 1752 1069 1813 etiarn
1091 1755 1289 1836 argumentis
1311 1750 1529 1818 confirmatur.
1568 1754 1653 1824 Nam
1672 1759 1841 1846 Nephthys
1863 1767 1976 1836 dicitur

141 1883 232 1925 uxor
255 1878 288 1930 et
309 1887 401 1930 soror
414 1863 581 1950 Typhonis
599 1869 714 1944 siueb
737 1865 912 1947 (Plutarch.
929 1865 973 1930 ls.
989 1870 1063 1932 355.
1077 1867 1180 1954 365),
1206 1889 1243 1933 sc
1264 1873 1290 1932 si
1310 1868 1443 1951 dicatur,
1465 1887 1510 1936 at
1532 1873 1660 1957 signum
1681 1877 1889 1947 masculinnm
1910 1889 1975 1973 sig-

143 1976 282 2046 nificare
303 1980 510 2066 Typhonem,
545 1988 576 2062 Ἀ
606 2001 684 2046 vero
707 1979 897 2068 Typhonem
918 1982 1125 2060 femininum,
1154 2007 1212 2050 seu
1232 1988 1257 2062 ᾔ
1277 2006 1420 2052 sororem
1441 1999 1475 2051 et
1493 2009 1642 2055 uxorem.
1687 1993 1784 2060 Porro
1809 1995 1972 2068 Diodorus

142 2092 181 2176 (l.
195 2117 229 2179 p.
250 2097 315 2184 13.)
336 2120 396 2184 pro
418 2097 572 2183 Nephtby
597 2101 741 2162 nominat
760 2099 934 2166 Venerem.
972 2100 1080 2176 Quum
1101 2123 1179 2166 uero
1202 2100 1364 2167 Diodorus
1383 2107 1416 2168 in
1432 2103 1564 2190 reliquis
1587 2108 1768 2174 nominibus
1793 2124 1973 2186 consentiat

139 2233 212 2278 cnm
234 2215 424 2292 Plutarcbo;
446 2219 602 2302 sequitur,
625 2238 698 2280 eum
721 2219 755 2280 in
774 2231 882 2282 mente
904 2215 1056 2286 habuisse
1077 2219 1212 2284 alteram
1235 2219 1398 2285 Venerem
1425 2223 1613 2306 maximam,
1637 2229 1784 2292 nimirum
1803 2230 1970 2319 Vraniam‚

139 2333 209 2394 siue
239 2331 423 2400 coelestem.
468 2333 506 2398 ld
533 2336 639 2419 ipsrun
667 2355 745 2399 vero
773 2357 888 2400 nomen
918 2335 1089 2423 Nephtbys
1117 2339 1282 2424 exprimit.
1325 2337 1412 2404 Nam
1432 2332 1603 2434 tandm),
1625 2343 1677 2408 vel
1698 2367 1755 2430 per
1777 2351 1969 2418 metathesin

139 2443 313 2546 tta-*hbe
331 2472 448 2517 cereus
470 2453 606 2532 coelum,
630 2459 777 2518 attinent
801 2454 935 2537 eoelum,
961 2455 1119 2521 Vraniam
1139 2455 1239 2520 valet.
1281 2453 1419 2522 Constet
1439 2479 1530 2538 vero,
1551 2457 1575 2538 l)
1593 2480 1775 2545 supremam
1798 2466 1969 2549 sphaeram

138 2589 199 2632 scu
215 2573 385 2655 septimum
397 2569 535 2654 coelum,
551 2569 604 2635 vel
620 2569 744 2636 coelum
759 2573 875 2656 ipsum,
892 2574 926 2636 in
938 2594 1001 2658 quo
1015 2573 1128 2638 stellae
1143 2569 1235 2636 fixae
1250 2585 1418 2658 apparent,
1433 2575 1564 2658 propria
1577 2574 1677 2638 fuisse
1693 2575 1735 2658 (l.
1744 2581 1775 2653 ἕ.
1783 2583 1836 2642 47.
1846 2604 1877 2664 p.
1888 2587 1970 2668 60.)

134 2685 266 2752 Reuera
283 2687 515 2775 Aegyptiorum
535 2687 729 2754 inZodiecis
749 2691 952 2774 reperiuntur
972 2690 1143 2756 mulierum
1164 2685 1289 2773 figurae
1311 2689 1354 2752 ad
1369 2691 1472 2753 instar
1493 2687 1575 2751 coeli
1596 2687 1739 2750 inflexae
1759 2691 1894 2760 stellulis
1910 2721 1969 2762 vu·

136 2802 232 2890 dique
255 2806 447 2889 adornatae,
476 2805 592 2891 quibus
613 2805 728 2896 literae
750 2823 846 2893 Ντη,
873 2805 935 2874 hnc
969 2819 1019 2870 est
1045 2805 1154 2888 Netpr'
1178 2803 1232 2868 vel
1257 2800 1420 2886 Neptuno
1445 2802 1625 2886 adscriptae
1652 2815 1728 2866 sunt
1748 2805 1847 2888 (coni.
1867 2806 1907 2875 T.
1924 2812 1968 2878 11,

138 2925 252 3007 m).
281 2923 355 2990 Huc
376 2924 454 2988 facit
473 2922 747 2989 luculentissimus
766 2921 931 2987 Plutarchi
949 2922 1039 2988 locus
1062 2922 1121 3007 (Is.
1139 2921 1237 2998 355).
1266 2917 1456 3004 Nepdtdyn,
1473 2920 1587 3006 inquit,
1609 2919 1785 3004 appellent
1801 2933 1969 2994 extremus

133 3048 252 3104 terrae
271 3039 521 3128 (Aegyptiacae)
536 3047 667 3123 portes,
684 3055 768 3122 quae
791 3056 862 3102 enm
885 3042 1074 3113 terminant,
1098 3053 1189 3098 mare
1201 3053 1281 3098 cero
1301 3039 1484 3120 attingunt,
1504 3036 1639 3122 ideoque
1659 3055 1729 3102 eam
1743 3038 1887 3105 ultimum
1909 3065 1969 3111 no·

132 3162 267 3221 minant
295 3167 328 3220 et
362 3155 525 3242 Typhonis
545 3173 682 3218 uxorem
703 3153 827 3216 debunt.
870 3151 959 3216 Idem
989 3151 1069 3217 alias
1091 3155 1135 3237 (p.
1151 3151 1238 3233 375.)
1261 3165 1413 3235 testetur,
1439 3151 1630 3240 Typhonem
1651 3153 1721 3238 (b)
1745 3179 1808 3220 των
1830 3157 1970 3239 lagaron

131 3270 310 3338 ἅπτεσθαι.
353 3273 423 3336 lam
444 3293 639 3359 veroquam
661 3271 803 3358 Aegypti
823 3282 949 3356 partem
968 3282 1095 3356 veteres
1116 3269 1262 3334 ultimam
1286 3270 1441 3354 dixerint,
1463 3285 1596 3360 apparet
1617 3293 1662 3338 ex
1677 3272 1835 3358 Dionysio
1859 3278 1968 3346 Perie-

128 3391 232 3472 g'eta,
265 3389 319 3474 qui
341 3385 467 3452 Cenabi
488 3387 599 3452 urbem
622 3389 708 3451 canit
728 3391 869 3451 maxime
892 3383 1022 3451 dorenlt'
1042 3387 1189 3472 Aegypti
1207 3406 1338 3454 recessu
1359 3391 1453 3482 sitam
1474 3393 1521 3473 (v.
1536 3410 1633 3472 snpra
1652 3385 1803 3473 canon).
1847 3393 1970 3464 Ibidem

126 3524 212 3566 vern
235 3505 261 3587 ἵ)
290 3515 340 3568 est
357 3507 533 3589 prouincia.
576 3503 664 3588 Ergo
687 3503 857 3588 Nephtbys
878 3507 1022 3570 maxime
1042 3503 1189 3589 quidem,
1212 3504 1297 3591 quod
1321 3509 1432 3596 negari
1454 3507 1579 3590 nequit,
1608 3503 1771 3591 planetam
1792 3507 1837 3589 ἦ,
1866 3512 1967 3576 dorni.

131 3643 210 3686 num
240 3625 293 3700 z,
324 3619 496 3705 significat.
539 3620 608 3684 lam
629 3641 709 3686 vero
731 3619 922 3704 Nephthyos
944 3622 1073 3686 nonrine
1094 3641 1158 3684 nou
1180 3621 1283 3688 solum
1306 3625 1434 3705 signum
1464 3626 1514 3701 z,
1546 3619 1603 3684 sed
1631 3619 1713 3684 eliae
1742 3624 1836 3684 etiam
1858 3627 1967 3690 nruudi

130 3753 243 3822 partes
266 3736 482 3824 appellentur,
507 3735 624 3824 quibus
652 3736 677 3818 i)
707 3735 841 3821 planeta
859 3753 1005 3823 praeestt
1027 3760 1070 3804 ex
1094 3759 1156 3819 quo
1179 3739 1394 3824 consequitur,
1418 3735 1641 3822 Nephtbyn'ty
1665 3738 1762 3799 etiam
1781 3739 1816 3800 in
1837 3742 1965 3806 vniuer-

129 3877 201 3920 sum
225 3855 422 3943 significare.
455 3851 645 3922 Plutarchus
666 3851 724 3936 (ls.
743 3855 851 3940 368.);
871 3847 1051 3936 Neptune,
1069 3853 1183 3937 inquit,
1200 3862 1252 3919 est
1270 3852 1315 3932 t'd,
1340 3852 1427 3939 quod
1444 3851 1540 3929 t'nfra
1554 3859 1676 3914 terrum
1695 3858 1792 3918 eitum
1814 3873 1879 3917 nort
1894 3876 1965 3919 eer-

130 3977 243 4048 ut‘tur3
264 3971 348 4054 Isr'r,
374 3972 461 4057 quod
479 3991 582 4057 supro
602 3981 725 4036 terram
746 3967 959 4046 manffertum
980 3975 1090 4032 cetat.
1132 3969 1175 4034 Et
1198 3989 1295 4054 supra
1315 3969 1472 4046 vidimus,
1493 3965 1666 4053 Nephtbyn
1689 3970 1751 4035 dici
1770 3968 1910 4052 coelum,
1930 3975 1965 4036 iu

130 4113 191 4176 qun
210 4090 333 4158 stellae
354 4104 541 4177 appareant.
586 4086 693 4164 Quum
713 4109 795 4152 vero
814 4085 971 4167 mundus,
994 4099 1031 4150 vt
1051 4083 1213 4151 Eusebius
1236 4089 1301 4168 eit,
1329 4109 1392 4152 nou
1414 4090 1497 4152 iuter
1519 4088 1613 4173 signa
1633 4084 1782 4164 Zodiaci,
1804 4087 1858 4150 sed
1881 4092 1964 4156 inter

130 4223 253 4293 septem
281 4208 430 4294 planetas
452 4220 714 4284 cosmocrntcras,
737 4205 859 4268 diuisus
878 4202 992 4278 luerim
1013 4201 1134 4270 clarum
1156 4218 1216 4286 est,
1240 4226 1356 4271 nornen
1371 4203 1564 4292 Nephtbyos
1587 4203 1714 4268 dentum
1736 4200 1777 4264 ad
1803 4203 1828 4270 it
1853 4206 1964 4292 plane-

133 4335 198 4388 tam
225 4323 433 4396 rel'crendum
460 4343 543 4392 esse.
587 4322 708 4408 Vtique
728 4319 893 4392 Iuleruurn
919 4321 1041 4405 pariter
1070 4335 1164 4409 utque
1192 4325 1329 4408 septima
1355 4322 1493 4410 sphaera
1520 4320 1633 4386 ultima
1664 4316 1864 4404 bplauetae
1891 4338 1965 4388 sunt

134 4442 277 4521 propria.
320 4439 406 4508 Hinc
435 4437 626 4506 Plutarchus
656 4437 715 4525 (ls.
731 4459 764 4522 p.
780 4440 855 4502 459.
872 4433 994 4519 Wytt.)
1024 4453 1153 4520 namet,
1184 4437 1367 4522 Osiridem,
1402 4453 1572 4524 postquam
1603 4432 1681 4497 lsidi
1703 4433 1964 4522 (Hemisphaerio

135 4555 310 4638 superiori)
330 4572 459 4644 ereptus
482 4571 578 4635 esset,
596 4558 721 4622 versari
744 4575 816 4622 cum
830 4552 983 4641 Nephtby
999 4555 1260 4645 (Hemisphaerio
1282 4558 1480 4638 inferiori,5
1502 4551 1659 4637 proprio).
1691 4551 1776 4616 Hinc
1793 4557 1888 4620 etiarn
1905 4556 1964 4623 lsi·

136 4667 211 4730 dem
236 4667 299 4750 (A)
322 4687 354 4738 et
376 4672 552 4761 Nephthyn
574 4672 635 4759 (h)
663 4671 854 4738 Plutarchus
882 4670 937 4750 (ls.
954 4677 1044 4754 368.)
1065 4676 1141 4741 dicit
1162 4674 1224 4742 sibi
1244 4676 1381 4738 inuicem
1403 4671 1531 4757 opponi.
1574 4665 1688 4736 Altera
1708 4671 1792 4734 enim
1815 4675 1962 4758 primurn,

137 4781 244 4848 altera
264 4782 408 4852 ultimam
429 4791 618 4878 sphaeram,
646 4809 704 4852 nec
732 4809 794 4854 non
815 4791 955 4875 primum
977 4787 1040 4874 (J)
1066 4790 1275 4876 ultimumque
1297 4791 1362 4870 (ᾗ)
1385 4786 1548 4874 planetam
1569 4784 1752 4872 significant
1772 4809 1816 4852 ex
1839 4793 1963 4854 ratione

136 4900 542 4986 Aegyptiacasecuudnm
556 4927 651 4996 qnam
672 4905 725 4970 hic
746 4919 795 4970 est
808 4904 1009 4990 planetarum
1029 4905 1106 4968 ordo
1130 4911 1155 4976 3
1179 4908 1201 4987 (l
1233 4911 1257 4982 ῼ
1281 4913 1316 4984 Θ
1334 4907 1361 4986 ἃ
1382 4914 1411 4989 2)
1429 4908 1465 4978 h·
1508 4903 1603 4982 Quod
1626 4905 1723 4968 etiarn
1740 4902 1825 4967 aliud
1847 4926 1963 4971 nomeu

134 4995 330 5100 Nephthyns
351 5023 471 5088 scilicet
487 5027 649 5109 strepant
669 5026 783 5100 innuit,
806 5023 875 5104 siue
897 5021 1060 5084 detinetur
1083 5041 1103 5084 a
1125 5039 1175 5118 93²
1195 5017 1295 5100 ultio,
1318 5023 1469 5105 Νιμεσις,
1496 5030 1522 5100 t,
1550 5023 1758 5108 cognomine,
1780 5021 1850 5084 siue
1871 5043 1891 5084 a
1916 5041 1963 5098 cg

124 5133 230 5210 filt'ttt
254 5135 427 5224 (Epipbau.
446 5141 518 5216 adu.
531 5139 635 5209 liner.
649 5165 683 5228 p.
703 5145 795 5208 tosa.
811 5137 902 5222 fin.);
933 5150 1102 5222 utrumque
1134 5147 1160 5212 τ)
1191 5135 1353 5221 planetam
1376 5138 1552 5225 Nephtbyn
1575 5140 1699 5206 attinet.
1741 5134 1852 5216 Adde,
1880 5137 1962 5221 quod

135 5265 220 5320 teste
241 5251 420 5321 Plutarcho
442 5261 486 5343 (p.
501 5261 597 5341 355),
626 5263 698 5345 ipss
717 5257 886 5346 Nephthys
909 5251 1151 5340 nuncupabatur
1174 5253 1288 5340 Venus
1309 5254 1461 5342 (Vrania)
1483 5257 1516 5324 h.
1527 5278 1565 5422 ἔ.
1586 5254 1697 5336 Rhea,
1725 5264 1751 5326 t,
1778 5250 1957 5315 femininus.
