4860 6092
795 482 1253 624 ἱ----ιιιι---

137 735 338 800 Euanthius
358 727 525 818 (ad'lliou.
543 754 576 798 v.
591 732 680 817 255.)
708 731 845 818 Serapin
868 743 961 798 vocat
984 731 1096 797 Iouem
1118 735 1181 818 (Θ)
1204 735 1383 820 Sinopiten.
1426 736 1510 801 ltcrn
1532 737 1648 801 Suidas
1672 741 1718 816 (v.
1737 727 1893 826 Supera)
1916 753 1979 805 tra·

149 853 207 934 dit,
229 851 375 936 Sarapim
397 848 479 915 alios
499 851 704 936 interpretari
726 849 840 916 Iouem
861 849 943 916 alios
965 849 1088 916 Nilum.
1131 849 1277 939 Vterque
1304 874 1391 934 vero,
1416 865 1453 918 vt
1478 854 1627 934 vidimus,
1652 850 1688 920 Θ
1708 853 1865 939 designat.
1909 857 1978 926 lam

147 989 226 1036 reto
248 968 379 1054 Serapis
406 965 588 1055 appellatur
609 965 721 1032 lladee
743 965 891 1052 (didm),
912 966 1062 1034 Infernas
1082 967 1157 1050 (Jul.
1172 968 1292 1053 Impar.
1310 969 1403 1036 Orat.
1419 967 1480 1036 IV.
1494 993 1526 1056 p.
1545 971 1647 1054 136),
1670 989 1714 1034 ex
1739 991 1804 1054 quo
1825 976 1978 1058 sequitur,

144 1087 232 1152 bunc
254 1085 360 1152 Deum
381 1087 478 1152 etiam
499 1077 683 1171 significare
705 1083 741 1154 Θ
763 1083 935 1150 infernum.
980 1085 1078 1163 Queri
1099 1107 1178 1165 nor,
1203 1090 1326 1174 inquit,
1349 1091 1477 1152 aoniae
1502 1081 1653 1173 Serapim
1675 1102 1844 1165 vocamus,
1869 1095 1907 1150 ct
1925 1107 1980 1174 pse

144 1212 195 1268 eet
218 1201 326 1286 ἀΐδης,
353 1198 411 1268 seb
432 1199 623 1286 adspectura
645 1205 772 1266 minime
794 1201 935 1282 cudens,
967 1204 1013 1269 cd
1037 1224 1127 1290 qserr
1152 1203 1252 1270 Pluto
1274 1211 1402 1269 ceierae
1425 1201 1543 1268 ruebit.
1586 1201 1869 1288 Hemispbaeriom
1895 1205 1979 1267 enim

142 1320 305 1387 internum
326 1323 423 1408 sigua
441 1333 484 1389 aa
505 1330 545 1395 1η
574 1337 675 1406 reque
696 1316 737 1381 ad
759 1329 798 1390 γ
824 1318 1057 1405 complectitur.
1102 1322 1195 1388 Alius
1212 1321 1379 1388 Inlernum
1400 1321 1494 1406 signa
1512 1317 1648 1385 hiberna
1675 1325 1761 1401 Μ
1776 1325 1814 1398 Χ,
1838 1321 1979 1386 strictius

149 1445 177 1519 z
211 1457 268 1521 ιε,
290 1435 344 1503 rel
365 1435 538 1502 solstitium
557 1433 739 1509 hibernum,
757 1433 817 1498 dict
839 1435 1000 1502 videntur.
1044 1437 1361 1524 ReapseOraculum
1377 1439 1537 1527 Apollinis
1557 1437 1673 1518 (Macr.
1689 1437 1723 1502 S.
1740 1435 1767 1501 I.
1783 1440 1851 1517 18.)
1871 1436 1975 1516 docet,

142 1551 256 1620 Mem
277 1555 385 1621 bieme
403 1553 525 1619 Orcum
546 1551 663 1635 (didm)
688 1549 854 1638 appellari.
897 1551 1051 1620 Similiter
1070 1553 1201 1641 Serapis
1214 1569 1348 1622 vocator
1371 1556 1506 1642 deputor
1528 1552 1669 1642 (Fabric.
1685 1549 1723 1620 B.
1738 1552 1779 1618 G.
1793 1549 1976 1618 Vol-XIV.

141 1695 172 1758 p.
191 1673 293 1759 tta).
337 1670 427 1737 Dicit
448 1681 560 1734 auctor
580 1669 721 1755 quidam,
744 1650 973 1736 donsuleudum
997 1693 1067 1736 esse
1090 1671 1269 1758 (Serapim)
1289 1672 1482 1739 inuisibilem
1505 1675 1538 1738 in
1559 1671 1704 1758 Sinopio,
1726 1669 1846 1734 scilicet
1870 1668 1907 1742 Θ
1928 1673 1977 1734 in·

140 1789 284 1854 lernam.
329 1785 412 1851 Com
432 1787 541 1874 itaque
562 1785 693 1872 Serapis
712 1785 880 1852 Infernum
903 1787 1077 1876 significet,
1099 1787 1194 1854 iacile
1212 1789 1405 1876 explicatur,
1428 1812 1484 1855 cur
1505 1789 1585 1875 Apis
1606 1801 1750 1854 mortuus
1772 1785 1812 1851 ad
1833 1785 1977 1872 Serapim

141 1904 321 1971 translatus
347 1901 461 1990 ibique
488 1901 635 1988 sepultus
659 1903 756 1968 inerit
787 1903 1115 1990 (recantata.
1129 1903 1261 1972 XVIll.
1275 1929 1307 1995 p.
1321 1909 1402 1992 tm).
1453 1907 1516 1972 His
1545 1905 1699 1971 accedunt
1723 1902 1786 1968 alia
1806 1903 1881 1969 loca
1903 1902 1978 1968 Plu·

140 2020 248 2088 tarclri
276 2020 332 2106 (le.
352 2019 461 2106 362),
496 2018 553 2086 rbi
581 2019 712 2106 Serapis
741 2039 806 2085 non
835 2021 965 2087 differre
990 2021 1104 2088 dicitur
1132 2047 1152 2089 a
1180 2025 1333 2107 Plutone,
1364 2036 1397 2089 et
1426 2022 1533 2088 'l'aciti
1557 2020 1754 2106 aliorumque
1783 2017 1979 2096 (lablourkii

136 2139 257 2206 Panth.
272 2137 314 2202 L.
330 2137 374 2203 ll.
390 2159 424 2222 p.
436 2143 511 2200 236.
526 2135 594 2216 sa).
638 2133 910 2204 Luculentissima
937 2152 1012 2203 sunt
1042 2141 1126 2228 apud
1153 2141 1353 2207 Macrobium
1375 2143 1455 2226 (Sat.
1471 2139 1499 2205 1.
1515 2160 1543 2203 c.
1562 2136 1640 2224 ta).
1683 2133 1833 2218 ,‚lloc‚“
1861 2138 1976 2222 iuquit,

138 2265 390 2343 „argumentum
407 2253 558 2340 Aegyptii
575 2250 713 2314 lucidius
732 2248 918 2332 absoluant,
937 2253 1040 2338 ipsius
1059 2261 1095 2332 Θ
1114 2254 1285 2321 simulacra
1303 2257 1435 2341 pinnata
1455 2251 1627 2340 fingentes,
1652 2249 1767 2339 quibus
1787 2251 1876 2316 color
1893 2251 1979 2337 apud

137 2371 216 2438 illos
238 2387 303 2436 non
325 2387 409 2436 ruas
430 2377 490 2434 est.
533 2365 682 2434 Alterum
703 2369 788 2434 euim
813 2367 964 2434 caerulea
985 2371 1110 2456 specie,
1140 2371 1278 2438 alterum
1300 2371 1387 2438 clara
1409 2369 1549 2458 fingunt.
1592 2369 1648 2434 Ex
1667 2368 1721 2432 bis
1741 2366 1862 2433 clarum
1883 2387 1978 2453 supe·

138 2509 226 2572 mm,
248 2499 282 2553 et
301 2484 485 2552 caeruleum
505 2483 644 2550 inferum
664 2499 793 2554 vocant.
825 2484 925 2551 lniori
944 2501 1052 2554 autern
1069 2512 1184 2558 nomen
1202 2491 1271 2557 Soli
1293 2489 1398 2570 datur,
1418 2509 1489 2553 cum
1510 2491 1543 2552 in
1565 2486 1711 2551 inferiori
1729 2483 1976 2570 hemisphaerio,

138 2607 162 2670 i.
184 2627 213 2668 e.
235 2600 429 2695 hiemalibus
455 2604 574 2688 signis,
598 2623 725 2669 cursum
749 2611 841 2669 suum
863 2607 1010 2692 peragit3
1040 2611 1161 2692 superi,
1184 2621 1404 2692 campartem
1426 2600 1526 2669 ambit
1546 2599 1677 2666 zodiaci
1698 2601 1892 2664 aestiuam“.
1935 2597 1980 2660 Et

135 2719 291 2786 barcob
318 2741 449 2786 causam
475 2719 606 2806 Sarapis
629 2720 737 2787 colore
757 2724 852 2808 nigro
872 2721 1066 2808 pingebatur
1086 2722 1204 2810 (Clam.
1223 2721 1436 2805 All'rotrep.
1450 2741 1483 2804 p.
1502 2724 1578 2798 42).
1623 2715 1676 2778 Sic
1698 2727 1731 2777 et
1752 2709 1858 2792 Nilus,
1882 2730 1977 2795 quem

136 2837 234 2904 multi
264 2837 454 2924 Serapidem
483 2837 678 2923 compellant
704 2836 900 2925 (lablonslrii
917 2837 1033 2906 Pantb.
1047 2837 1088 2903 Ι..
1105 2837 1165 2904 tv.
1183 2859 1217 2922 p.
1233 2839 1342 2920 234),
1375 2833 1483 2899 colore
1510 2834 1603 2918 nigro
1631 2825 1814 2914 fingebatur
1844 2825 1977 2910 (Arcatl.

135 2980 163 3023 c.
182 2958 293 3034 21:5-
308 2958 363 3040 6.).
406 2953 567 3020 Ceterum.
588 2955 668 3022 mibi
692 2977 884 3043 persuasam
905 2957 1026 3038 habeo,
1052 2955 1202 3040 Serapim
1225 2955 1323 3017 etiam
1347 2953 1391 3033 1),
1415 2949 1529 3014 saltem
1555 2949 1579 3034 l)
1607 2945 1765 3024 dominia,
1786 2945 1977 3027 praesertim

121 3093 180 3142 cet
201 3072 417 3162 ugnificasse.
462 3071 600 3136 Constat
622 3074 708 3136 enim
729 3073 783 3148 Θ,
814 3093 912 3159 quum
937 3071 1129 3160 cognomina
1151 3081 1239 3135 certa
1262 3071 1412 3150 assumit,
1444 3065 1602 3131 nominari
1623 3061 1664 3127 ab
1688 3061 1729 3126 iis
1749 3053 1908 3146 planetis,
1943 3063 1977 3124 iu

133 3211 279 3277 quorum
298 3187 468 3255 domiciliis
487 3197 646 3251 versetur.
689 3187 739 3251 Ειι
762 3201 962 3276 argumenta.
1005 3185 1135 3272 Serapis
1156 3199 1267 3274 aperte
1289 3208 1361 3251 curn
1387 3187 1412 3274 ἲ)
1441 3195 1645 3269 comparatur
1669 3179 1755 3267 apud
1776 3173 1976 3243 Macrobium

132 3309 222 3392 (Sat.
241 3305 268 3369 l.
287 3311 344 3383 7.).
384 3299 531 3383 Dsolsr,
546 3303 661 3387 inquit,
682 3301 822 3370 adderis
840 3305 1004 3392 (Serapidi
1016 3315 1049 3369 at
1062 3302 1214 3392 Saturno)
1235 3305 1316 3371 solie
1330 3303 1459 3369 lorm‘ae
1480 3318 1527 3365 ee
1542 3317 1631 3363 more
1650 3298 1857 3364 mactandae.
1886 3297 1976 3384 Ergo

131 3437 282 3510 vterque
305 3422 432 3484 ratione
452 3415 620 3503 'l’ypbonis
641 3419 737 3504 (ij),
758 3421 881 3487 scilicet
907 3423 1048 3488 victimis
1075 3423 1217 3486 cruentis
1243 3419 1419 3487 colebatur.
1463 3420 1564 3484 l'orro
1591 3413 1739 3502 Serapis,
1769 3429 1806 3480 vt
1826 3413 1975 3488 vidimus,

130 3553 185 3604 est
210 3546 247 3614 Θ
268 3540 302 3602 in
327 3531 564 3620 hemisphaerio
587 3533 733 3620 hiberno,
759 3541 849 3604 cuius
868 3559 999 3625 praeses
1019 3539 1141 3625 puriter
1162 3513 1260 3625 atque
1283 3537 1416 3625 frigoris
1436 3547 1486 3600 cst
1512 3533 1536 3618 i)
1569 3532 1612 3613 (l.
1630 3535 1685 3596 47.
1707 3553 1739 3616 p.
1753 3529 1833 3612 58.).
1875 3527 1977 3593 quta

130 3656 272 3742 Serapis
294 3653 469 3739 imaginem
491 3651 739 3722 eratCerbsrus
763 3659 905 3721 cuniset
927 3657 1022 3720 draco
1043 3651 1308 3742 (altapetra).
1352 3652 1521 3730 Quatenus
1541 3649 1640 3727 canis,
1672 3647 1695 3726 ἕ
1727 3665 1829 3721 sacer,
1852 3643 1974 3719 aderat,

130 3772 270 3857 Serapis
298 3778 335 3849 Θ
364 3789 437 3834 οιιιιι
469 3771 493 3852 ξ
523 3771 654 3857 planeta
680 3775 798 3840 comite
826 3769 1047 3860 significabat;
1088 3770 1185 3838 draco
1214 3793 1291 3838 vero
1319 3771 1344 3857 ᾖ
1375 3765 1556 3856 symbolum
1586 3763 1630 3846 (r.
1646 3759 1755 3841 inira).
1797 3758 1911 3845 Itaque
1941 3760 1976 3820 iu

129 3885 296 3972 Serapide
326 3885 411 3950 tuac
435 3886 470 3956 Θ
492 3901 525 3952 et
548 3892 573 3968 it
596 3905 732 3955 naturae
754 3891 941 3956 coniunctae
963 3903 1147 3955 cernuntur.
1190 3887 1273 3955 ltem
1296 3887 1383 3953 color
1412 3887 1503 3970 niger
1525 3901 1583 3944 seu
1604 3898 1806 3965 purpureus,
1828 3876 1850 3938 l.
1867 3894 1897 3938 e.
1920 3869 1978 3937 ob·

129 4025 248 4069 scarus
264 4015 306 4068 vt
326 4025 406 4086 nox,
425 4027 489 4091 quo
503 4004 636 4094 Serapis
649 4006 855 4094 pingebatur,
877 4007 965 4093 best
977 4011 1137 4093 proprius.
1165 4003 1319 4069 Testatur
1334 4003 1440 4090 Apion
1462 3999 1546 4086 apud
1562 3995 1701 4062 Plinium
1722 3985 1974 4074 (LXXXVII.

128 4141 155 4182 c.
173 4124 206 4186 5.
230 4118 334 4186 Tou.
348 4118 391 4184 ll.
414 4141 446 4206 p.
463 4120 553 4205 776.)
578 4125 611 4186 in
640 4121 841 4208 Labyrintbo
868 4125 969 4189 fuisse
991 4121 1170 4188 colosseum
1195 4120 1266 4204 (ἢ)
1286 4119 1434 4208 Sarapin.
1476 4114 1698 4202 Labyrinthus
1719 4131 1815 4189 vero,
1843 4105 1974 4170 Zodiaci

128 4239 261 4324 imago,
294 4242 337 4301 tt
354 4236 433 4302 deos
454 4237 649 4305 continebat.
692 4237 817 4305 lbidcm
838 4253 909 4306 erat
932 4237 1147 4322 Nemeaeum,
1169 4259 1227 4303 seu
1249 4238 1363 4302 domus
1388 4238 1432 4322 ἢ.
1475 4235 1562 4319 Ergo
1590 4231 1766 4313 Serapeum
1787 4221 1971 4298 alterumn

132 4355 281 4438 siguum,
320 4353 406 4420 forte
427 4349 471 4422 κέ
494 4351 708 4441 significabat.
752 4355 901 4443 Denique
930 4357 1187 4443 antiquissimum
1214 4369 1246 4420 et
1274 4355 1523 4420 fatuosissimum
1545 4343 1706 4430 Serapidis
1734 4339 1889 4425 templum
1914 4338 1974 4402 ba-

134 4465 276 4535 bebstsr
295 4469 493 4536 amcam
515 4471 737 4539 Alexandriae
759 4471 909 4560 (tacitus
922 4469 1008 4539 Hist.
1024 4469 1085 4539 1v.
1101 4477 1154 4538 84.
1171 4473 1308 4539 Pansam.
1322 4471 1383 4560 Ep.
1400 4469 1468 4536 Att.
1485 4487 1517 4550 p.
1536 4459 1616 4544 42),
1633 4460 1821 4546 (18881θὲῑο
1842 4469 1875 4522 et
1896 4453 1974 4520 vrb!

88 4577 89 4580 ’
136 4581 291 4668 capitulis
311 4587 410 4673 esth
442 4585 654 4666 domicilium,
686 4593 836 4656 nimirum
859 4607 904 4656 at
926 4591 1052 4678 signum
1082 4603 1233 4657 terrestre
1265 4575 1647 4674 (rentiliacum).
1690 4575 1797 4640 Etiam
1827 4571 1975 4659 Serapidi

136 4695 334 4764 adscribitur
349 4705 581 4770 incrementum
603 4693 683 4782 Nili,
705 4707 789 4794 quod
811 4708 936 4786 accidit,
960 4723 995 4794 Θ
1017 4711 1051 4774 ἱιι
1079 4706 1104 4792 A
1132 4708 1245 4771 domus
1267 4707 1316 4792 (56
1342 4715 1375 4767 ct
1392 4701 1448 4779 etz)
1469 4693 1677 4782 ingrediente.
1720 4688 1815 4766 Quod
1838 4691 1973 4775 denique

134 4816 301 4899 imagines
328 4829 362 4882 et
380 4821 518 4907 insignia
543 4820 706 4907 Serapidis
729 4825 861 4899 attinet,
888 4823 970 4888 haec
996 4837 1124 4888 veteres
1154 4823 1294 4887 tradunt.
1337 4812 1522 4884 Macrobius
1550 4809 1633 4892 (Sat.
1658 4809 1684 4876 l.
1709 4829 1737 4874 c.
1763 4811 1830 4886 18.)
1861 4805 1972 4879 refert,

133 4931 173 5002 Θ
193 4931 230 4993 iu
251 4929 389 5000 solstitio
416 4935 570 5014 hiberna,
601 4935 655 5002 vel
679 4937 716 5007 Θ
736 4936 904 5001 hibernum
927 4941 1018 5024 pingi
1031 4935 1152 5015 scruta
1179 4939 1373 5000 canescenti.
1412 4927 1603 4998 Plutarchus
1626 4927 1683 5012 (ls.
1697 4951 1728 5014 p.
1747 4925 1833 5004 362.)
1854 4933 1974 4998 namet,

131 5043 387 5132 Matthaeus,
408 5073 430 5116 a
450 5051 585 5119 cerbero
612 5061 646 5117 et
666 5051 812 5118 dracone
833 5057 1030 5118 coniecturis
1051 5053 1169 5131 duent,
1193 5051 1380 5135 collegirre,
1404 5049 1557 5115 Plutonis
1579 5064 1662 5121 erse,
1683 5041 1890 5106 &mulacrum
1911 5031 1971 5100 Se·

128 5161 276 5250 mpii&-
321 5163 409 5232 tien
429 5185 539 5236 narrat
559 5177 605 5257 (p.
622 5175 730 5249 361),
758 5167 945 5255 Serapidem
965 5171 1054 5258 pingi
1072 5171 1106 5234 in
1127 5167 1325 5234 lectisternio
1349 5166 1537 5245 cubantem,
1559 5188 1632 5232 curu
1650 5161 1777 5228 calatho
1799 5161 1832 5222 in
1855 5155 1968 5237 capite·

128 5281 282 5348 Eandem
303 5282 477 5370 imaginem
499 5287 657 5354 exhibant
681 5289 770 5352 numi
792 5285 1012 5371 Sinopiturum
1040 5284 1208 5372 (Vaillaut.
1224 5283 1350 5353 Nomia.
1365 5285 1391 5352 1.
1409 5289 1482 5350 161.
1501 5281 1547 5348 ll.
1567 5289 1621 5349 tt.
1636 5279 1738 5360 149.)
1788 5262 1971 5338 Macrobius
