<?xml version="1.0" encoding="UTF-8"?>
<!DOCTYPE html PUBLIC "-//W3C//DTD XHTML 1.0 Transitional//EN"
    "http://www.w3.org/TR/xhtml1/DTD/xhtml1-transitional.dtd">
<html xmlns="http://www.w3.org/1999/xhtml" xml:lang="en" lang="en">
 <head>
  <title>
</title>
<meta http-equiv="Content-Type" content="text/html;charset=utf-8" />
  <meta name='ocr-system' content='tesseract 3.04.00' />
  <meta name='ocr-capabilities' content='ocr_page ocr_carea ocr_par ocr_line ocrx_word'/>
</head>
<body>
  <div class='ocr_page' id='page_1' title='image "./systemaastronom00seyfgoog_0033.png"; bbox 0 0 4928 6102; ppageno 0'>
   <div class='ocr_carea' id='block_1_1' title="bbox 1171 466 1491 524">
    <p class='ocr_par' dir='ltr' id='par_1_1' title="bbox 1171 466 1491 524">
     <span class='ocr_line' id='line_1_1' title="bbox 1171 466 1491 524; baseline 0 -8"><span class='ocrx_word' id='word_1_1' title='bbox 1171 466 1491 524; x_wconf 75' lang='lat' dir='ltr'>...X-</span> 
     </span>
    </p>
   </div>
   <div class='ocr_carea' id='block_1_2' title="bbox 420 586 2268 1144">
    <p class='ocr_par' dir='ltr' id='par_1_2' title="bbox 420 586 2268 1144">
     <span class='ocr_line' id='line_1_2' title="bbox 421 586 2266 731; baseline 0.001 -23"><span class='ocrx_word' id='word_1_2' title='bbox 421 586 498 708; x_wconf 78' lang='lat' dir='ltr'><strong>nod</strong></span> <span class='ocrx_word' id='word_1_3' title='bbox 534 654 666 708; x_wconf 88' lang='lat' dir='ltr'><strong>omncs</strong></span> <span class='ocrx_word' id='word_1_4' title='bbox 693 642 825 728; x_wconf 88' lang='lat' dir='ltr'><strong>gentes</strong></span> <span class='ocrx_word' id='word_1_5' title='bbox 854 655 908 708; x_wconf 84' lang='lat' dir='ltr'><strong>ex</strong></span> <span class='ocrx_word' id='word_1_6' title='bbox 939 657 1016 709; x_wconf 87' lang='lat' dir='ltr'><strong>vna</strong></span> <span class='ocrx_word' id='word_1_7' title='bbox 1041 633 1123 708; x_wconf 86' lang='lat' dir='ltr'><strong>sola</strong></span> <span class='ocrx_word' id='word_1_8' title='bbox 1149 644 1236 730; x_wconf 88' lang='lat' dir='ltr'><strong>post</strong></span> <span class='ocrx_word' id='word_1_9' title='bbox 1268 631 1465 706; x_wconf 91' lang='lat' dir='ltr'><strong>Diluuium</strong></span> <span class='ocrx_word' id='word_1_10' title='bbox 1495 633 1624 731; x_wconf 89' lang='lat' dir='ltr'><strong>prima</strong></span> <span class='ocrx_word' id='word_1_11' title='bbox 1650 629 1907 729; x_wconf 88' lang='lat' dir='ltr'><strong>prodiissentl</strong></span> <span class='ocrx_word' id='word_1_12' title='bbox 1941 629 2193 710; x_wconf 85' lang='lat' dir='ltr'><strong>Consentiunt</strong></span> <span class='ocrx_word' id='word_1_13' title='bbox 2218 635 2266 712; x_wconf 92' lang='lat' dir='ltr'><strong>de</strong></span> 
     </span>
     <span class='ocr_line' id='line_1_3' title="bbox 420 765 2266 870; baseline 0.002 -27"><span class='ocrx_word' id='word_1_14' title='bbox 420 768 577 843; x_wconf 90' lang='lat' dir='ltr'><strong>Diluuio</strong></span> <span class='ocrx_word' id='word_1_15' title='bbox 609 767 650 841; x_wconf 92' lang='lat' dir='ltr'><strong>in</strong></span> <span class='ocrx_word' id='word_1_16' title='bbox 675 765 789 840; x_wconf 90' lang='lat' dir='ltr'><strong>rebus</strong></span> <span class='ocrx_word' id='word_1_17' title='bbox 815 789 962 866; x_wconf 91' lang='lat' dir='ltr'><strong>qnoque</strong></span> <span class='ocrx_word' id='word_1_18' title='bbox 992 769 1162 843; x_wconf 83' lang='lat' dir='ltr'><strong>maxime</strong></span> <span class='ocrx_word' id='word_1_19' title='bbox 1189 767 1441 864; x_wconf 75' lang='lat' dir='ltr'><strong>singularibus</strong></span> <span class='ocrx_word' id='word_1_20' title='bbox 1472 789 1604 842; x_wconf 91' lang='lat' dir='ltr'><strong>omnes</strong></span> <span class='ocrx_word' id='word_1_21' title='bbox 1637 777 1790 862; x_wconf 84' lang='lat' dir='ltr'><strong>gentes,</strong></span> <span class='ocrx_word' id='word_1_22' title='bbox 1822 779 1867 844; x_wconf 89' lang='lat' dir='ltr'><strong>vt</strong></span> <span class='ocrx_word' id='word_1_23' title='bbox 1892 767 2044 857; x_wconf 80' lang='lat' dir='ltr'><strong>Graeci,</strong></span> <span class='ocrx_word' id='word_1_24' title='bbox 2070 766 2266 870; x_wconf 75' lang='lat' dir='ltr'><strong>Aegyptii,</strong></span> 
     </span>
     <span class='ocr_line' id='line_1_4' title="bbox 422 867 2268 1000; baseline 0.002 -26"><span class='ocrx_word' id='word_1_25' title='bbox 422 898 643 991; x_wconf 87' lang='lat' dir='ltr'><strong>Phoenices,</strong></span> <span class='ocrx_word' id='word_1_26' title='bbox 664 899 860 990; x_wconf 84' lang='lat' dir='ltr'>Chaldaei,</span> <span class='ocrx_word' id='word_1_27' title='bbox 884 899 1044 992; x_wconf 87' lang='lat' dir='ltr'><strong>Arabes,</strong></span> <span class='ocrx_word' id='word_1_28' title='bbox 1070 903 1222 993; x_wconf 86' lang='lat' dir='ltr'><strong>Persae,</strong></span> <span class='ocrx_word' id='word_1_29' title='bbox 1241 899 1421 992; x_wconf 77' lang='lat' dir='ltr'><strong>Armeni,</strong></span> <span class='ocrx_word' id='word_1_30' title='bbox 1445 867 1543 992; x_wconf 90' lang='lat' dir='ltr'><strong>Indi,</strong></span> <span class='ocrx_word' id='word_1_31' title='bbox 1570 901 1771 992; x_wconf 83' lang='lat' dir='ltr'><strong>Sinenses,</strong></span> <span class='ocrx_word' id='word_1_32' title='bbox 1794 899 2041 1000; x_wconf 81' lang='lat' dir='ltr'><strong>lapanenses,</strong></span> <span class='ocrx_word' id='word_1_33' title='bbox 2062 901 2268 994; x_wconf 84' lang='lat' dir='ltr'><strong>Mexiosni,</strong></span> 
     </span>
     <span class='ocr_line' id='line_1_5' title="bbox 428 1015 2268 1144; baseline 0.002 -34"><span class='ocrx_word' id='word_1_34' title='bbox 428 1035 602 1124; x_wconf 85' lang='lat' dir='ltr'><strong>Peruani,</strong></span> <span class='ocrx_word' id='word_1_35' title='bbox 629 1033 805 1125; x_wconf 88' lang='lat' dir='ltr'><strong>Miteehi,</strong></span> <span class='ocrx_word' id='word_1_36' title='bbox 825 1031 1052 1135; x_wconf 89' lang='lat' dir='ltr'><strong>Zapotechi,</strong></span> <span class='ocrx_word' id='word_1_37' title='bbox 1079 1035 1248 1127; x_wconf 88' lang='lat' dir='ltr'><strong>Cubani,</strong></span> <span class='ocrx_word' id='word_1_38' title='bbox 1273 1037 1547 1144; x_wconf 80' lang='lat' dir='ltr'><strong>Micuocapesi,</strong></span> <span class='ocrx_word' id='word_1_39' title='bbox 1574 1015 1652 1110; x_wconf 79' lang='lat' dir='ltr'><strong>alii.</strong></span> <span class='ocrx_word' id='word_1_40' title='bbox 1701 1033 1809 1112; x_wconf 87' lang='lat' dir='ltr'><strong>Cista</strong></span> <span class='ocrx_word' id='word_1_41' title='bbox 1832 1039 2049 1138; x_wconf 86' lang='lat' dir='ltr'><strong>sepulcralis</strong></span> <span class='ocrx_word' id='word_1_42' title='bbox 2076 1037 2268 1114; x_wconf 85' lang='lat' dir='ltr'><strong>Osiridem</strong></span> 
     </span>
    </p>
   </div>
   <div class='ocr_carea' id='block_1_3' title="bbox 270 1169 2270 1272">
    <p class='ocr_par' dir='ltr' id='par_1_3' title="bbox 270 1169 2270 1272">
     <span class='ocr_line' id='line_1_6' title="bbox 270 1169 2270 1272; baseline 0.004 -30"><span class='ocrx_word' id='word_1_43' title='bbox 270 1171 281 1178; x_wconf 81' lang='grc'><em>’</em></span> <span class='ocrx_word' id='word_1_44' title='bbox 417 1169 624 1244; x_wconf 83' lang='lat' dir='ltr'><strong>includens</strong></span> <span class='ocrx_word' id='word_1_45' title='bbox 651 1179 798 1268; x_wconf 87' lang='lat' dir='ltr'><strong>spectat</strong></span> <span class='ocrx_word' id='word_1_46' title='bbox 820 1169 871 1246; x_wconf 89' lang='lat' dir='ltr'><strong>ad</strong></span> <span class='ocrx_word' id='word_1_47' title='bbox 897 1172 1049 1248; x_wconf 85' lang='lat' dir='ltr'><strong>archam</strong></span> <span class='ocrx_word' id='word_1_48' title='bbox 1076 1173 1316 1248; x_wconf 87' lang='lat' dir='ltr'><strong>Noachicam.</strong></span> <span class='ocrx_word' id='word_1_49' title='bbox 1369 1169 1455 1246; x_wconf 92' lang='lat' dir='ltr'><strong>Non</strong></span> <span class='ocrx_word' id='word_1_50' title='bbox 1480 1170 1685 1259; x_wconf 91' lang='lat' dir='ltr'><strong>absonum,</strong></span> <span class='ocrx_word' id='word_1_51' title='bbox 1708 1173 1852 1269; x_wconf 88' lang='lat' dir='ltr'><strong>primos</strong></span> <span class='ocrx_word' id='word_1_52' title='bbox 1872 1186 1960 1272; x_wconf 90' lang='lat' dir='ltr'><strong>post</strong></span> <span class='ocrx_word' id='word_1_53' title='bbox 1982 1173 2181 1250; x_wconf 84' lang='lat' dir='ltr'><strong>Diluuium</strong></span> <span class='ocrx_word' id='word_1_54' title='bbox 2202 1174 2270 1250; x_wconf 92' lang='lat' dir='ltr'><strong>ho-</strong></span> 
     </span>
    </p>
   </div>
   <div class='ocr_carea' id='block_1_4' title="bbox 422 1303 2281 4092">
    <p class='ocr_par' dir='ltr' id='par_1_4' title="bbox 422 1303 2281 4092">
     <span class='ocr_line' id='line_1_7' title="bbox 422 1303 2270 1405; baseline 0.002 -28"><span class='ocrx_word' id='word_1_55' title='bbox 422 1306 548 1378; x_wconf 86' lang='lat' dir='ltr'><strong>mines</strong></span> <span class='ocrx_word' id='word_1_56' title='bbox 578 1325 754 1378; x_wconf 85' lang='lat' dir='ltr'><strong>narrasse</strong></span> <span class='ocrx_word' id='word_1_57' title='bbox 789 1305 989 1404; x_wconf 77' lang='lat' dir='ltr'><strong>nepotibus</strong></span> <span class='ocrx_word' id='word_1_58' title='bbox 1024 1321 1063 1381; x_wconf 91' lang='lat' dir='ltr'><strong>et</strong></span> <span class='ocrx_word' id='word_1_59' title='bbox 1096 1305 1366 1405; x_wconf 82' lang='lat' dir='ltr'><strong>pronepotibus</strong></span> <span class='ocrx_word' id='word_1_60' title='bbox 1406 1307 1485 1382; x_wconf 90' lang='lat' dir='ltr'><strong>suis</strong></span> <span class='ocrx_word' id='word_1_61' title='bbox 1520 1303 1569 1380; x_wconf 91' lang='lat' dir='ltr'><strong>de</strong></span> <span class='ocrx_word' id='word_1_62' title='bbox 1601 1303 1791 1379; x_wconf 88' lang='lat' dir='ltr'><strong>horrenda</strong></span> <span class='ocrx_word' id='word_1_63' title='bbox 1817 1305 1990 1404; x_wconf 82' lang='lat' dir='ltr'><strong>proiecto</strong></span> <span class='ocrx_word' id='word_1_64' title='bbox 2024 1319 2065 1382; x_wconf 89' lang='lat' dir='ltr'><strong>et</strong></span> <span class='ocrx_word' id='word_1_65' title='bbox 2094 1304 2270 1382; x_wconf 88' lang='lat' dir='ltr'><strong>inaudita</strong></span> 
     </span>
     <span class='ocr_line' id='line_1_8' title="bbox 427 1439 2269 1541; baseline 0.003 -31"><span class='ocrx_word' id='word_1_66' title='bbox 427 1460 554 1512; x_wconf 88' lang='lat' dir='ltr'><strong>rerum</strong></span> <span class='ocrx_word' id='word_1_67' title='bbox 591 1441 760 1512; x_wconf 92' lang='lat' dir='ltr'><strong>omnium</strong></span> <span class='ocrx_word' id='word_1_68' title='bbox 792 1443 1040 1541; x_wconf 76' lang='lat' dir='ltr'><strong>catastropha.</strong></span> <span class='ocrx_word' id='word_1_69' title='bbox 1100 1441 1311 1536; x_wconf 84' lang='lat' dir='ltr'><strong>Philologia</strong></span> <span class='ocrx_word' id='word_1_70' title='bbox 1342 1442 1423 1516; x_wconf 92' lang='lat' dir='ltr'><strong>iam</strong></span> <span class='ocrx_word' id='word_1_71' title='bbox 1456 1462 1503 1512; x_wconf 91' lang='lat' dir='ltr'><strong>eo</strong></span> <span class='ocrx_word' id='word_1_72' title='bbox 1535 1441 1731 1538; x_wconf 90' lang='lat' dir='ltr'><strong>peruenit,</strong></span> <span class='ocrx_word' id='word_1_73' title='bbox 1766 1449 1811 1515; x_wconf 90' lang='lat' dir='ltr'><strong>vt</strong></span> <span class='ocrx_word' id='word_1_74' title='bbox 1842 1439 2103 1518; x_wconf 86' lang='lat' dir='ltr'><strong>demonstrare</strong></span> <span class='ocrx_word' id='word_1_75' title='bbox 2136 1441 2269 1540; x_wconf 85' lang='lat' dir='ltr'><strong>possit,</strong></span> 
     </span>
     <span class='ocr_line' id='line_1_9' title="bbox 428 1571 2270 1671; baseline 0.002 -25"><span class='ocrx_word' id='word_1_76' title='bbox 428 1571 634 1671; x_wconf 80' lang='lat' dir='ltr'><strong>quamlibet</strong></span> <span class='ocrx_word' id='word_1_77' title='bbox 660 1573 826 1668; x_wconf 89' lang='lat' dir='ltr'><strong>linguam</strong></span> <span class='ocrx_word' id='word_1_78' title='bbox 860 1596 944 1648; x_wconf 90' lang='lat' dir='ltr'><strong>oum</strong></span> <span class='ocrx_word' id='word_1_79' title='bbox 977 1577 1066 1650; x_wconf 87' lang='lat' dir='ltr'><strong>aliis</strong></span> <span class='ocrx_word' id='word_1_80' title='bbox 1098 1575 1318 1668; x_wconf 89' lang='lat' dir='ltr'><strong>cohaerere,</strong></span> <span class='ocrx_word' id='word_1_81' title='bbox 1364 1597 1496 1651; x_wconf 88' lang='lat' dir='ltr'><strong>omnes</strong></span> <span class='ocrx_word' id='word_1_82' title='bbox 1528 1595 1582 1646; x_wconf 83' lang='lat' dir='ltr'><strong>ex</strong></span> <span class='ocrx_word' id='word_1_83' title='bbox 1617 1595 1695 1650; x_wconf 87' lang='lat' dir='ltr'><strong>vna</strong></span> <span class='ocrx_word' id='word_1_84' title='bbox 1725 1571 1808 1646; x_wconf 90' lang='lat' dir='ltr'><strong>sola</strong></span> <span class='ocrx_word' id='word_1_85' title='bbox 1837 1573 2037 1669; x_wconf 87' lang='lat' dir='ltr'><strong>prodiisse.</strong></span> <span class='ocrx_word' id='word_1_86' title='bbox 2090 1574 2270 1652; x_wconf 87' lang='lat' dir='ltr'><strong>Omnium</strong></span> 
     </span>
     <span class='ocr_line' id='line_1_10' title="bbox 429 1687 2271 1811; baseline -0.001 -29"><span class='ocrx_word' id='word_1_87' title='bbox 429 1711 596 1806; x_wconf 88' lang='lat' dir='ltr'><strong>gentium</strong></span> <span class='ocrx_word' id='word_1_88' title='bbox 622 1709 755 1782; x_wconf 86' lang='lat' dir='ltr'><strong>literae</strong></span> <span class='ocrx_word' id='word_1_89' title='bbox 782 1730 857 1784; x_wconf 86' lang='lat' dir='ltr'><strong>vno</strong></span> <span class='ocrx_word' id='word_1_90' title='bbox 882 1709 1091 1810; x_wconf 88' lang='lat' dir='ltr'><strong>eodemque</strong></span> <span class='ocrx_word' id='word_1_91' title='bbox 1113 1711 1299 1811; x_wconf 91' lang='lat' dir='ltr'><strong>principio</strong></span> <span class='ocrx_word' id='word_1_92' title='bbox 1322 1711 1504 1784; x_wconf 89' lang='lat' dir='ltr'><strong>nituntur.</strong></span> <span class='ocrx_word' id='word_1_93' title='bbox 1555 1687 1702 1782; x_wconf 85' lang='lat' dir='ltr'><strong>Eadem</strong></span> <span class='ocrx_word' id='word_1_94' title='bbox 1720 1705 2008 1804; x_wconf 78' lang='lat' dir='ltr'><strong>hieroglyphice</strong></span> <span class='ocrx_word' id='word_1_95' title='bbox 2030 1711 2271 1810; x_wconf 87' lang='lat' dir='ltr'><strong>reperiuntur</strong></span> 
     </span>
     <span class='ocr_line' id='line_1_11' title="bbox 432 1838 2270 1946; baseline 0.001 -29"><span class='ocrx_word' id='word_1_96' title='bbox 432 1841 536 1941; x_wconf 91' lang='lat' dir='ltr'><strong>apud</strong></span> <span class='ocrx_word' id='word_1_97' title='bbox 568 1840 814 1918; x_wconf 76' lang='lat' dir='ltr'><strong>Americanos</strong></span> <span class='ocrx_word' id='word_1_98' title='bbox 843 1855 956 1941; x_wconf 89' lang='lat' dir='ltr'><strong>atque</strong></span> <span class='ocrx_word' id='word_1_99' title='bbox 981 1841 1204 1946; x_wconf 80' lang='lat' dir='ltr'><strong>Aegyptios.</strong></span> <span class='ocrx_word' id='word_1_100' title='bbox 1257 1841 1381 1936; x_wconf 82' lang='lat' dir='ltr'><strong>Quidl</strong></span> <span class='ocrx_word' id='word_1_101' title='bbox 1419 1841 1522 1944; x_wconf 88' lang='lat' dir='ltr'><strong>quod</strong></span> <span class='ocrx_word' id='word_1_102' title='bbox 1547 1842 1728 1918; x_wconf 86' lang='lat' dir='ltr'><strong>Sinenses</strong></span> <span class='ocrx_word' id='word_1_103' title='bbox 1761 1853 1801 1914; x_wconf 89' lang='lat' dir='ltr'><strong>et</strong></span> <span class='ocrx_word' id='word_1_104' title='bbox 1830 1838 1916 1914; x_wconf 91' lang='lat' dir='ltr'><strong>lndi</strong></span> <span class='ocrx_word' id='word_1_105' title='bbox 1942 1841 2104 1918; x_wconf 88' lang='lat' dir='ltr'><strong>eandem</strong></span> <span class='ocrx_word' id='word_1_106' title='bbox 2132 1844 2270 1918; x_wconf 82' lang='lat' dir='ltr'><strong>scalam</strong></span> 
     </span>
     <span class='ocr_line' id='line_1_12' title="bbox 432 1975 2272 2086; baseline -0.001 -36"><span class='ocrx_word' id='word_1_107' title='bbox 432 1975 616 2050; x_wconf 86' lang='lat' dir='ltr'><strong>musicam</strong></span> <span class='ocrx_word' id='word_1_108' title='bbox 638 1975 802 2075; x_wconf 91' lang='lat' dir='ltr'><strong>quinque</strong></span> <span class='ocrx_word' id='word_1_109' title='bbox 827 1999 1006 2054; x_wconf 88' lang='lat' dir='ltr'><strong>sonorum</strong></span> <span class='ocrx_word' id='word_1_110' title='bbox 1027 1993 1247 2082; x_wconf 88' lang='lat' dir='ltr'><strong>sequuntur,</strong></span> <span class='ocrx_word' id='word_1_111' title='bbox 1269 1981 1412 2054; x_wconf 91' lang='lat' dir='ltr'><strong>omisso</strong></span> <span class='ocrx_word' id='word_1_112' title='bbox 1436 1989 1570 2086; x_wconf 87' lang='lat' dir='ltr'><strong>quarto</strong></span> <span class='ocrx_word' id='word_1_113' title='bbox 1593 1989 1633 2050; x_wconf 89' lang='lat' dir='ltr'><strong>et</strong></span> <span class='ocrx_word' id='word_1_114' title='bbox 1654 1979 1832 2075; x_wconf 89' lang='lat' dir='ltr'><strong>septimo,</strong></span> <span class='ocrx_word' id='word_1_115' title='bbox 1852 1986 1964 2074; x_wconf 87' lang='lat' dir='ltr'><strong>atque</strong></span> <span class='ocrx_word' id='word_1_116' title='bbox 1984 1975 2097 2073; x_wconf 82' lang='lat' dir='ltr'><strong>Angli</strong></span> <span class='ocrx_word' id='word_1_117' title='bbox 2116 1977 2272 2075; x_wconf 85' lang='lat' dir='ltr'><strong>antiqui.</strong></span> 
     </span>
     <span class='ocr_line' id='line_1_13' title="bbox 434 2107 2273 2212; baseline 0.001 -30"><span class='ocrx_word' id='word_1_118' title='bbox 434 2107 576 2182; x_wconf 91' lang='lat' dir='ltr'><strong>Omnes</strong></span> <span class='ocrx_word' id='word_1_119' title='bbox 603 2108 773 2183; x_wconf 91' lang='lat' dir='ltr'><strong>omnium</strong></span> <span class='ocrx_word' id='word_1_120' title='bbox 796 2110 1020 2212; x_wconf 88' lang='lat' dir='ltr'><strong>populorum</strong></span> <span class='ocrx_word' id='word_1_121' title='bbox 1039 2115 1297 2211; x_wconf 76' lang='lat' dir='ltr'><strong>mythologice</strong></span> <span class='ocrx_word' id='word_1_122' title='bbox 1319 2126 1358 2187; x_wconf 92' lang='lat' dir='ltr'><strong>et</strong></span> <span class='ocrx_word' id='word_1_123' title='bbox 1376 2114 1589 2210; x_wconf 76' lang='lat' dir='ltr'><strong>religiones,</strong></span> <span class='ocrx_word' id='word_1_124' title='bbox 1615 2123 1766 2211; x_wconf 87' lang='lat' dir='ltr'><strong>praeter</strong></span> <span class='ocrx_word' id='word_1_125' title='bbox 1790 2111 1993 2203; x_wconf 87' lang='lat' dir='ltr'><strong>reuelatas,</strong></span> <span class='ocrx_word' id='word_1_126' title='bbox 2020 2113 2119 2186; x_wconf 90' lang='lat' dir='ltr'><strong>inter</strong></span> <span class='ocrx_word' id='word_1_127' title='bbox 2144 2132 2187 2186; x_wconf 89' lang='lat' dir='ltr'><strong>se</strong></span> <span class='ocrx_word' id='word_1_128' title='bbox 2212 2133 2273 2184; x_wconf 89' lang='lat' dir='ltr'><strong>eo·</strong></span> 
     </span>
     <span class='ocr_line' id='line_1_14' title="bbox 432 2241 2274 2348; baseline 0 -32"><span class='ocrx_word' id='word_1_129' title='bbox 432 2243 591 2316; x_wconf 86' lang='lat' dir='ltr'><strong>haerent</strong></span> <span class='ocrx_word' id='word_1_130' title='bbox 604 2242 813 2343; x_wconf 90' lang='lat' dir='ltr'><strong>eodemque</strong></span> <span class='ocrx_word' id='word_1_131' title='bbox 836 2268 888 2319; x_wconf 86' lang='lat' dir='ltr'><strong>ex</strong></span> <span class='ocrx_word' id='word_1_132' title='bbox 909 2251 1095 2348; x_wconf 90' lang='lat' dir='ltr'><strong>principio</strong></span> <span class='ocrx_word' id='word_1_133' title='bbox 1110 2249 1346 2348; x_wconf 89' lang='lat' dir='ltr'><strong>prodierunt,</strong></span> <span class='ocrx_word' id='word_1_134' title='bbox 1367 2248 1548 2324; x_wconf 93' lang='lat' dir='ltr'><strong>nimirum</strong></span> <span class='ocrx_word' id='word_1_135' title='bbox 1566 2247 1828 2322; x_wconf 83' lang='lat' dir='ltr'><strong>astronomica.</strong></span> <span class='ocrx_word' id='word_1_136' title='bbox 1881 2241 1964 2336; x_wconf 82' lang='lat' dir='ltr'><strong>Quo</strong></span> <span class='ocrx_word' id='word_1_137' title='bbox 1987 2246 2103 2320; x_wconf 88' lang='lat' dir='ltr'><strong>etism</strong></span> <span class='ocrx_word' id='word_1_138' title='bbox 2126 2253 2274 2343; x_wconf 88' lang='lat' dir='ltr'><strong>spectat</strong></span> 
     </span>
     <span class='ocr_line' id='line_1_15' title="bbox 434 2375 2273 2481; baseline -0.001 -31"><span class='ocrx_word' id='word_1_139' title='bbox 434 2375 629 2452; x_wconf 82' lang='lat' dir='ltr'><strong>zodiacus.</strong></span> <span class='ocrx_word' id='word_1_140' title='bbox 682 2377 840 2456; x_wconf 86' lang='lat' dir='ltr'><strong>Veteres</strong></span> <span class='ocrx_word' id='word_1_141' title='bbox 866 2381 942 2481; x_wconf 91' lang='lat' dir='ltr'><strong>ipsi</strong></span> <span class='ocrx_word' id='word_1_142' title='bbox 964 2395 1163 2475; x_wconf 83' lang='lat' dir='ltr'><strong>testantur,</strong></span> <span class='ocrx_word' id='word_1_143' title='bbox 1188 2383 1313 2458; x_wconf 93' lang='lat' dir='ltr'><strong>Noam</strong></span> <span class='ocrx_word' id='word_1_144' title='bbox 1339 2383 1532 2460; x_wconf 88' lang='lat' dir='ltr'><strong>factitasse</strong></span> <span class='ocrx_word' id='word_1_145' title='bbox 1552 2380 1823 2456; x_wconf 83' lang='lat' dir='ltr'><strong>astronomiam</strong></span> <span class='ocrx_word' id='word_1_146' title='bbox 1842 2391 1883 2454; x_wconf 91' lang='lat' dir='ltr'><strong>et</strong></span> <span class='ocrx_word' id='word_1_147' title='bbox 1906 2382 2154 2477; x_wconf 79' lang='lat' dir='ltr'><strong>geometriam</strong></span> <span class='ocrx_word' id='word_1_148' title='bbox 2180 2375 2273 2478; x_wconf 83' lang='lat' dir='ltr'><strong>(los.</strong></span> 
     </span>
     <span class='ocr_line' id='line_1_16' title="bbox 431 2509 2275 2617; baseline -0.001 -31"><span class='ocrx_word' id='word_1_149' title='bbox 431 2509 503 2586; x_wconf 76' lang='lat' dir='ltr'><strong>An</strong></span> <span class='ocrx_word' id='word_1_150' title='bbox 518 2511 543 2584; x_wconf 91' lang='lat'><strong>1.</strong></span> <span class='ocrx_word' id='word_1_151' title='bbox 560 2511 615 2584; x_wconf 85' lang='grc' dir='ltr'><strong>ΠΙ.</strong></span> <span class='ocrx_word' id='word_1_152' title='bbox 630 2516 691 2604; x_wconf 80' lang='grc'><strong>9.).</strong></span> <span class='ocrx_word' id='word_1_153' title='bbox 744 2513 1043 2616; x_wconf 67' lang='lat' dir='ltr'><strong>antiquissimae</strong></span> <span class='ocrx_word' id='word_1_154' title='bbox 1070 2521 1246 2594; x_wconf 87' lang='lat' dir='ltr'><strong>nationes</strong></span> <span class='ocrx_word' id='word_1_155' title='bbox 1271 2517 1627 2617; x_wconf 87' lang='lat' dir='ltr'><strong>ipsaeprohtentur,</strong></span> <span class='ocrx_word' id='word_1_156' title='bbox 1652 2516 1814 2613; x_wconf 86' lang='lat' dir='ltr'><strong>primam</strong></span> <span class='ocrx_word' id='word_1_157' title='bbox 1834 2513 2032 2592; x_wconf 91' lang='lat' dir='ltr'><strong>hominum</strong></span> <span class='ocrx_word' id='word_1_158' title='bbox 2053 2525 2141 2612; x_wconf 88' lang='lat' dir='ltr'><strong>post</strong></span> <span class='ocrx_word' id='word_1_159' title='bbox 2164 2511 2275 2586; x_wconf 88' lang='lat' dir='ltr'><strong>Dilu-</strong></span> 
     </span>
     <span class='ocr_line' id='line_1_17' title="bbox 430 2645 2274 2740; baseline 0.001 -21"><span class='ocrx_word' id='word_1_160' title='bbox 430 2648 537 2722; x_wconf 89' lang='lat' dir='ltr'><strong>vium</strong></span> <span class='ocrx_word' id='word_1_161' title='bbox 564 2645 696 2722; x_wconf 87' lang='lat' dir='ltr'><strong>sedem</strong></span> <span class='ocrx_word' id='word_1_162' title='bbox 722 2647 841 2724; x_wconf 79' lang='lat' dir='ltr'><strong>luisse</strong></span> <span class='ocrx_word' id='word_1_163' title='bbox 866 2649 1011 2728; x_wconf 83' lang='lat' dir='ltr'><strong>Asiam.</strong></span> <span class='ocrx_word' id='word_1_164' title='bbox 1029 2653 1208 2730; x_wconf 90' lang='lat' dir='ltr'><strong>mediam.</strong></span> <span class='ocrx_word' id='word_1_165' title='bbox 1260 2651 1427 2728; x_wconf 78' lang='lat' dir='ltr'><strong>Narrant</strong></span> <span class='ocrx_word' id='word_1_166' title='bbox 1450 2649 1537 2725; x_wconf 92' lang='lat' dir='ltr'><strong>libri</strong></span> <span class='ocrx_word' id='word_1_167' title='bbox 1562 2649 1793 2740; x_wconf 86' lang='lat' dir='ltr'><strong>Sinensium,</strong></span> <span class='ocrx_word' id='word_1_168' title='bbox 1818 2649 1970 2726; x_wconf 81' lang='lat' dir='ltr'><strong>incotrs.</strong></span> <span class='ocrx_word' id='word_1_169' title='bbox 1986 2647 2101 2724; x_wconf 76' lang='lat' dir='ltr'><strong>Since</strong></span> <span class='ocrx_word' id='word_1_170' title='bbox 2121 2647 2274 2723; x_wconf 87' lang='lat' dir='ltr'><strong>venisse</strong></span> 
     </span>
     <span class='ocr_line' id='line_1_18' title="bbox 433 2779 2275 2890; baseline -0.002 -34"><span class='ocrx_word' id='word_1_171' title='bbox 433 2779 481 2856; x_wconf 91' lang='lat' dir='ltr'><strong>ab</strong></span> <span class='ocrx_word' id='word_1_172' title='bbox 511 2779 721 2870; x_wconf 84' lang='lat' dir='ltr'><strong>occidente3</strong></span> <span class='ocrx_word' id='word_1_173' title='bbox 763 2781 849 2857; x_wconf 83' lang='lat' dir='ltr'><strong>Indi</strong></span> <span class='ocrx_word' id='word_1_174' title='bbox 878 2783 1089 2890; x_wconf 86' lang='lat' dir='ltr'><strong>Persaeque</strong></span> <span class='ocrx_word' id='word_1_175' title='bbox 1121 2797 1327 2877; x_wconf 86' lang='lat' dir='ltr'><strong>testantur,</strong></span> <span class='ocrx_word' id='word_1_176' title='bbox 1369 2808 1411 2860; x_wconf 88' lang='lat' dir='ltr'><strong>se</strong></span> <span class='ocrx_word' id='word_1_177' title='bbox 1436 2787 1666 2885; x_wconf 86' lang='lat' dir='ltr'><strong>processisse</strong></span> <span class='ocrx_word' id='word_1_178' title='bbox 1701 2808 1725 2860; x_wconf 86' lang='lat' dir='ltr'><strong>a</strong></span> <span class='ocrx_word' id='word_1_179' title='bbox 1756 2786 2039 2884; x_wconf 87' lang='lat' dir='ltr'><strong>septemtrione.</strong></span> <span class='ocrx_word' id='word_1_180' title='bbox 2091 2779 2275 2858; x_wconf 81' lang='lat' dir='ltr'><strong>Nationes</strong></span> 
     </span>
     <span class='ocr_line' id='line_1_19' title="bbox 434 2911 2276 3030; baseline 0.001 -42"><span class='ocrx_word' id='word_1_181' title='bbox 434 2911 646 2988; x_wconf 90' lang='lat' dir='ltr'><strong>occidentes</strong></span> <span class='ocrx_word' id='word_1_182' title='bbox 682 2915 868 2991; x_wconf 89' lang='lat' dir='ltr'><strong>orientem</strong></span> <span class='ocrx_word' id='word_1_183' title='bbox 902 2935 1109 3030; x_wconf 80' lang='lat' dir='ltr'><strong>agnqscunt</strong></span> <span class='ocrx_word' id='word_1_184' title='bbox 1138 2925 1323 3021; x_wconf 88' lang='lat' dir='ltr'><strong>patriam,</strong></span> <span class='ocrx_word' id='word_1_185' title='bbox 1357 2919 1686 3019; x_wconf 87' lang='lat' dir='ltr'><strong>septemtrionales</strong></span> <span class='ocrx_word' id='word_1_186' title='bbox 1719 2917 1928 2994; x_wconf 90' lang='lat' dir='ltr'><strong>meridiem.</strong></span> <span class='ocrx_word' id='word_1_187' title='bbox 1987 2917 2072 2992; x_wconf 86' lang='lat' dir='ltr'><strong>Huc</strong></span> <span class='ocrx_word' id='word_1_188' title='bbox 2103 2925 2276 3014; x_wconf 85' lang='lat' dir='ltr'><strong>spectant</strong></span> 
     </span>
     <span class='ocr_line' id='line_1_20' title="bbox 433 3038 2274 3155; baseline 0.001 -32"><span class='ocrx_word' id='word_1_189' title='bbox 433 3038 604 3146; x_wconf 87' lang='lat' dir='ltr'><strong>sepulcra</strong></span> <span class='ocrx_word' id='word_1_190' title='bbox 631 3046 908 3124; x_wconf 88' lang='lat' dir='ltr'><strong>Germanomm</strong></span> <span class='ocrx_word' id='word_1_191' title='bbox 942 3053 1086 3146; x_wconf 90' lang='lat' dir='ltr'><strong>origine</strong></span> <span class='ocrx_word' id='word_1_192' title='bbox 1117 3053 1297 3128; x_wconf 81' lang='lat' dir='ltr'><strong>Asiatica</strong></span> <span class='ocrx_word' id='word_1_193' title='bbox 1357 3056 1487 3155; x_wconf 90' lang='lat' dir='ltr'><strong>ltaque</strong></span> <span class='ocrx_word' id='word_1_194' title='bbox 1520 3055 1593 3144; x_wconf 78' lang='lat' dir='ltr'><strong>vix</strong></span> <span class='ocrx_word' id='word_1_195' title='bbox 1624 3076 1669 3130; x_wconf 88' lang='lat' dir='ltr'><strong>ae</strong></span> <span class='ocrx_word' id='word_1_196' title='bbox 1706 3075 1755 3128; x_wconf 88' lang='lat' dir='ltr'><strong>ns</strong></span> <span class='ocrx_word' id='word_1_197' title='bbox 1788 3055 1862 3130; x_wconf 84' lang='lat' dir='ltr'><strong>vix</strong></span> <span class='ocrx_word' id='word_1_198' title='bbox 1891 3051 2047 3152; x_wconf 91' lang='lat' dir='ltr'><strong>quidem</strong></span> <span class='ocrx_word' id='word_1_199' title='bbox 2082 3071 2174 3126; x_wconf 89' lang='lat' dir='ltr'><strong>sane</strong></span> <span class='ocrx_word' id='word_1_200' title='bbox 2208 3071 2274 3124; x_wconf 91' lang='lat' dir='ltr'><strong>ne·</strong></span> 
     </span>
     <span class='ocr_line' id='line_1_21' title="bbox 433 3155 2276 3285; baseline -0.002 -24"><span class='ocrx_word' id='word_1_201' title='bbox 433 3185 514 3280; x_wconf 84' lang='lat' dir='ltr'><strong>gari</strong></span> <span class='ocrx_word' id='word_1_202' title='bbox 549 3195 695 3281; x_wconf 91' lang='lat' dir='ltr'><strong>potest,</strong></span> <span class='ocrx_word' id='word_1_203' title='bbox 725 3181 944 3276; x_wconf 91' lang='lat' dir='ltr'><strong>Diluuium,</strong></span> <span class='ocrx_word' id='word_1_204' title='bbox 986 3187 1091 3260; x_wconf 86' lang='lat' dir='ltr'><strong>cuius</strong></span> <span class='ocrx_word' id='word_1_205' title='bbox 1122 3188 1285 3282; x_wconf 88' lang='lat' dir='ltr'><strong>vestigia</strong></span> <span class='ocrx_word' id='word_1_206' title='bbox 1311 3191 1353 3260; x_wconf 88' lang='lat' dir='ltr'><strong>in</strong></span> <span class='ocrx_word' id='word_1_207' title='bbox 1382 3187 1544 3262; x_wconf 89' lang='lat' dir='ltr'><strong>vallibus</strong></span> <span class='ocrx_word' id='word_1_208' title='bbox 1576 3155 1616 3261; x_wconf 85' lang='lat' dir='ltr'><strong>et</strong></span> <span class='ocrx_word' id='word_1_209' title='bbox 1644 3187 1836 3262; x_wconf 87' lang='lat' dir='ltr'><strong>montibus</strong></span> <span class='ocrx_word' id='word_1_210' title='bbox 1867 3189 2124 3285; x_wconf 89' lang='lat' dir='ltr'><strong>reperiuntur,</strong></span> <span class='ocrx_word' id='word_1_211' title='bbox 2156 3184 2276 3258; x_wconf 76' lang='lat' dir='ltr'><strong>fusse</strong></span> 
     </span>
     <span class='ocr_line' id='line_1_22' title="bbox 433 3313 2277 3420; baseline 0 -27"><span class='ocrx_word' id='word_1_212' title='bbox 433 3318 661 3393; x_wconf 86' lang='lat' dir='ltr'><strong>vniuersale.</strong></span> <span class='ocrx_word' id='word_1_213' title='bbox 712 3313 847 3391; x_wconf 76' lang='lat' dir='ltr'><strong>Annus</strong></span> <span class='ocrx_word' id='word_1_214' title='bbox 873 3341 985 3411; x_wconf 90' lang='lat' dir='ltr'><strong>vero,</strong></span> <span class='ocrx_word' id='word_1_215' title='bbox 1018 3343 1042 3395; x_wconf 86' lang='lat' dir='ltr'><strong>a</strong></span> <span class='ocrx_word' id='word_1_216' title='bbox 1067 3343 1141 3420; x_wconf 91' lang='lat' dir='ltr'><strong>quo</strong></span> <span class='ocrx_word' id='word_1_217' title='bbox 1163 3323 1287 3396; x_wconf 86' lang='lat' dir='ltr'><strong>omnis</strong></span> <span class='ocrx_word' id='word_1_218' title='bbox 1314 3322 1484 3395; x_wconf 91' lang='lat' dir='ltr'><strong>omnium</strong></span> <span class='ocrx_word' id='word_1_219' title='bbox 1510 3317 1735 3418; x_wconf 92' lang='lat' dir='ltr'><strong>populorum</strong></span> <span class='ocrx_word' id='word_1_220' title='bbox 1758 3321 1921 3408; x_wconf 86' lang='lat' dir='ltr'><strong>historia</strong></span> <span class='ocrx_word' id='word_1_221' title='bbox 1944 3333 2048 3408; x_wconf 87' lang='lat' dir='ltr'><strong>certa</strong></span> <span class='ocrx_word' id='word_1_222' title='bbox 2071 3321 2188 3420; x_wconf 84' lang='lat' dir='ltr'><strong>incipi</strong></span> <span class='ocrx_word' id='word_1_223' title='bbox 2210 3317 2277 3394; x_wconf 87' lang='lat' dir='ltr'><strong>de·</strong></span> 
     </span>
     <span class='ocr_line' id='line_1_23' title="bbox 433 3449 2277 3554; baseline 0.003 -28"><span class='ocrx_word' id='word_1_224' title='bbox 433 3451 534 3541; x_wconf 89' lang='lat' dir='ltr'><strong>beat,</strong></span> <span class='ocrx_word' id='word_1_225' title='bbox 548 3471 648 3527; x_wconf 88' lang='lat' dir='ltr'><strong>nunc</strong></span> <span class='ocrx_word' id='word_1_226' title='bbox 663 3449 818 3525; x_wconf 91' lang='lat' dir='ltr'><strong>demum</strong></span> <span class='ocrx_word' id='word_1_227' title='bbox 834 3455 1044 3530; x_wconf 82' lang='lat' dir='ltr'><strong>accuratius</strong></span> <span class='ocrx_word' id='word_1_228' title='bbox 1062 3453 1249 3546; x_wconf 87' lang='lat' dir='ltr'><strong>delinitur,</strong></span> <span class='ocrx_word' id='word_1_229' title='bbox 1271 3457 1420 3554; x_wconf 86' lang='lat' dir='ltr'><strong>cognita</strong></span> <span class='ocrx_word' id='word_1_230' title='bbox 1436 3452 1711 3552; x_wconf 89' lang='lat' dir='ltr'><strong>Aegyptiorum</strong></span> <span class='ocrx_word' id='word_1_231' title='bbox 1729 3452 1973 3539; x_wconf 87' lang='lat' dir='ltr'><strong>astronomia,</strong></span> <span class='ocrx_word' id='word_1_232' title='bbox 1989 3451 2133 3524; x_wconf 87' lang='lat' dir='ltr'><strong>scilicet</strong></span> <span class='ocrx_word' id='word_1_233' title='bbox 2155 3477 2277 3530; x_wconf 74' lang='lat' dir='ltr'><strong>annon</strong></span> 
     </span>
     <span class='ocr_line' id='line_1_24' title="bbox 434 3583 2277 3690; baseline 0.001 -28"><span class='ocrx_word' id='word_1_234' title='bbox 434 3589 537 3662; x_wconf 72' lang='lat'>5314</span> <span class='ocrx_word' id='word_1_235' title='bbox 563 3597 652 3660; x_wconf 91' lang='lat' dir='ltr'><strong>ante</strong></span> <span class='ocrx_word' id='word_1_236' title='bbox 678 3584 797 3675; x_wconf 89' lang='lat' dir='ltr'><strong>hunc,</strong></span> <span class='ocrx_word' id='word_1_237' title='bbox 823 3608 897 3686; x_wconf 93' lang='lat' dir='ltr'><strong>quo</strong></span> <span class='ocrx_word' id='word_1_238' title='bbox 924 3589 1079 3690; x_wconf 90' lang='lat' dir='ltr'><strong>quidem</strong></span> <span class='ocrx_word' id='word_1_239' title='bbox 1106 3591 1292 3668; x_wconf 79' lang='lat' dir='ltr'><strong>Zodiaem</strong></span> <span class='ocrx_word' id='word_1_240' title='bbox 1317 3601 1446 3665; x_wconf 91' lang='lat' dir='ltr'><strong>noster</strong></span> <span class='ocrx_word' id='word_1_241' title='bbox 1469 3599 1529 3660; x_wconf 89' lang='lat' dir='ltr'><strong>est</strong></span> <span class='ocrx_word' id='word_1_242' title='bbox 1559 3587 1751 3664; x_wconf 88' lang='lat' dir='ltr'><strong>oriundus.</strong></span> <span class='ocrx_word' id='word_1_243' title='bbox 1803 3587 1918 3661; x_wconf 83' lang='lat' dir='ltr'><strong>Forte</strong></span> <span class='ocrx_word' id='word_1_244' title='bbox 1942 3583 2087 3656; x_wconf 91' lang='lat' dir='ltr'><strong>nemini</strong></span> <span class='ocrx_word' id='word_1_245' title='bbox 2113 3605 2213 3660; x_wconf 89' lang='lat' dir='ltr'><strong>nune</strong></span> <span class='ocrx_word' id='word_1_246' title='bbox 2234 3593 2277 3666; x_wconf 91' lang='lat' dir='ltr'><strong>in</strong></span> 
     </span>
     <span class='ocr_line' id='line_1_25' title="bbox 433 3716 2277 3820; baseline -0.001 -23"><span class='ocrx_word' id='word_1_247' title='bbox 433 3732 604 3797; x_wconf 90' lang='lat' dir='ltr'><strong>mentem</strong></span> <span class='ocrx_word' id='word_1_248' title='bbox 630 3723 757 3810; x_wconf 90' lang='lat' dir='ltr'><strong>venit,</strong></span> <span class='ocrx_word' id='word_1_249' title='bbox 800 3724 968 3796; x_wconf 86' lang='lat' dir='ltr'><strong>existere</strong></span> <span class='ocrx_word' id='word_1_250' title='bbox 995 3724 1123 3801; x_wconf 87' lang='lat' dir='ltr'><strong>adhue</strong></span> <span class='ocrx_word' id='word_1_251' title='bbox 1151 3737 1291 3800; x_wconf 92' lang='lat' dir='ltr'><strong>testem</strong></span> <span class='ocrx_word' id='word_1_252' title='bbox 1315 3724 1462 3799; x_wconf 88' lang='lat' dir='ltr'><strong>Diluuii</strong></span> <span class='ocrx_word' id='word_1_253' title='bbox 1487 3721 1754 3813; x_wconf 80' lang='lat' dir='ltr'><strong>manifestum,</strong></span> <span class='ocrx_word' id='word_1_254' title='bbox 1794 3723 1933 3820; x_wconf 89' lang='lat' dir='ltr'><strong>quippe</strong></span> <span class='ocrx_word' id='word_1_255' title='bbox 1961 3716 2107 3794; x_wconf 86' lang='lat' dir='ltr'><strong>coelum</strong></span> <span class='ocrx_word' id='word_1_256' title='bbox 2137 3721 2277 3820; x_wconf 88' lang='lat' dir='ltr'><strong>ipsum,</strong></span> 
     </span>
     <span class='ocr_line' id='line_1_26' title="bbox 434 3853 2281 3956; baseline 0 -26"><span class='ocrx_word' id='word_1_257' title='bbox 434 3857 517 3930; x_wconf 90' lang='lat' dir='ltr'><strong>siue</strong></span> <span class='ocrx_word' id='word_1_258' title='bbox 538 3853 741 3929; x_wconf 81' lang='lat' dir='ltr'><strong>zodiacum</strong></span> <span class='ocrx_word' id='word_1_259' title='bbox 764 3853 854 3928; x_wconf 86' lang='lat' dir='ltr'><strong>ideo</strong></span> <span class='ocrx_word' id='word_1_260' title='bbox 876 3880 901 3930; x_wconf 89' lang='lat' dir='ltr'><strong>a</strong></span> <span class='ocrx_word' id='word_1_261' title='bbox 917 3860 1111 3936; x_wconf 89' lang='lat' dir='ltr'><strong>veteribus</strong></span> <span class='ocrx_word' id='word_1_262' title='bbox 1132 3862 1189 3936; x_wconf 87' lang='lat' dir='ltr'><strong>sie</strong></span> <span class='ocrx_word' id='word_1_263' title='bbox 1213 3865 1470 3938; x_wconf 88' lang='lat' dir='ltr'><strong>constitutum</strong></span> <span class='ocrx_word' id='word_1_264' title='bbox 1522 3855 1700 3934; x_wconf 88' lang='lat' dir='ltr'><strong>Ceterum</strong></span> <span class='ocrx_word' id='word_1_265' title='bbox 1722 3856 1793 3932; x_wconf 90' lang='lat' dir='ltr'><strong>hoe</strong></span> <span class='ocrx_word' id='word_1_266' title='bbox 1817 3876 1919 3930; x_wconf 90' lang='lat' dir='ltr'><strong>nouo</strong></span> <span class='ocrx_word' id='word_1_267' title='bbox 1943 3856 2122 3956; x_wconf 83' lang='lat' dir='ltr'><strong>exemplo</strong></span> <span class='ocrx_word' id='word_1_268' title='bbox 2147 3856 2281 3930; x_wconf 87' lang='lat' dir='ltr'><strong>contir-</strong></span> 
     </span>
     <span class='ocr_line' id='line_1_27' title="bbox 434 3987 2276 4092; baseline 0.002 -29"><span class='ocrx_word' id='word_1_269' title='bbox 434 3999 577 4079; x_wconf 90' lang='lat' dir='ltr'><strong>matnr,</strong></span> <span class='ocrx_word' id='word_1_270' title='bbox 599 3987 903 4089; x_wconf 87' lang='lat' dir='ltr'><strong>philosophiam,</strong></span> <span class='ocrx_word' id='word_1_271' title='bbox 930 3994 964 4066; x_wconf 92' lang='lat' dir='ltr'><strong>si</strong></span> <span class='ocrx_word' id='word_1_272' title='bbox 989 3997 1198 4071; x_wconf 82' lang='lat' dir='ltr'><strong>accuratius</strong></span> <span class='ocrx_word' id='word_1_273' title='bbox 1221 3998 1406 4092; x_wconf 87' lang='lat' dir='ltr'><strong>mysteria</strong></span> <span class='ocrx_word' id='word_1_274' title='bbox 1427 3995 1633 4092; x_wconf 88' lang='lat' dir='ltr'><strong>disquirat,</strong></span> <span class='ocrx_word' id='word_1_275' title='bbox 1665 4011 1742 4066; x_wconf 90' lang='lat' dir='ltr'><strong>non</strong></span> <span class='ocrx_word' id='word_1_276' title='bbox 1769 3988 1984 4090; x_wconf 87' lang='lat' dir='ltr'><strong>discrepare</strong></span> <span class='ocrx_word' id='word_1_277' title='bbox 2004 4011 2029 4066; x_wconf 89' lang='lat' dir='ltr'><strong>a</strong></span> <span class='ocrx_word' id='word_1_278' title='bbox 2052 3991 2276 4068; x_wconf 87' lang='lat' dir='ltr'><strong>veritatibus</strong></span> 
     </span>
    </p>
   </div>
   <div class='ocr_carea' id='block_1_5' title="bbox 298 4121 1280 4226">
    <p class='ocr_par' dir='ltr' id='par_1_5' title="bbox 298 4121 1280 4226">
     <span class='ocr_line' id='line_1_28' title="bbox 298 4121 1280 4226; baseline 0.014 -32"><span class='ocrx_word' id='word_1_279' title='bbox 298 4128 310 4152; x_wconf 88' lang='grc'><em>·</em></span> <span class='ocrx_word' id='word_1_280' title='bbox 437 4123 613 4212; x_wconf 87' lang='lat' dir='ltr'><strong>aeternis,</strong></span> <span class='ocrx_word' id='word_1_281' title='bbox 635 4123 713 4198; x_wconf 91' lang='lat' dir='ltr'><strong>imo</strong></span> <span class='ocrx_word' id='word_1_282' title='bbox 736 4125 865 4222; x_wconf 88' lang='lat' dir='ltr'><strong>potius</strong></span> <span class='ocrx_word' id='word_1_283' title='bbox 890 4121 1075 4226; x_wconf 90' lang='lat' dir='ltr'><strong>dissipare</strong></span> <span class='ocrx_word' id='word_1_284' title='bbox 1094 4131 1280 4208; x_wconf 89' lang='lat' dir='ltr'><strong>tenebras.</strong></span> 
     </span>
    </p>
   </div>
   <div class='ocr_carea' id='block_1_6' title="bbox 435 4251 2279 4898">
    <p class='ocr_par' dir='ltr' id='par_1_6' title="bbox 435 4251 2279 4898">
     <span class='ocr_line' id='line_1_29' title="bbox 442 4251 2277 4360; baseline 0.005 -33"><span class='ocrx_word' id='word_1_285' title='bbox 442 4254 448 4268; x_wconf 89' lang='lat'>&#39;</span> <span class='ocrx_word' id='word_1_286' title='bbox 540 4251 650 4342; x_wconf 83' lang='lat' dir='ltr'><strong>Quod</strong></span> <span class='ocrx_word' id='word_1_287' title='bbox 676 4257 951 4355; x_wconf 86' lang='lat' dir='ltr'><strong>mythologiam</strong></span> <span class='ocrx_word' id='word_1_288' title='bbox 978 4265 1133 4353; x_wconf 88' lang='lat' dir='ltr'><strong>attinet,</strong></span> <span class='ocrx_word' id='word_1_289' title='bbox 1177 4279 1285 4342; x_wconf 89' lang='lat' dir='ltr'><strong>tanta</strong></span> <span class='ocrx_word' id='word_1_290' title='bbox 1313 4268 1355 4340; x_wconf 90' lang='lat' dir='ltr'><strong>in</strong></span> <span class='ocrx_word' id='word_1_291' title='bbox 1381 4288 1466 4338; x_wconf 89' lang='lat' dir='ltr'><strong>eam</strong></span> <span class='ocrx_word' id='word_1_292' title='bbox 1493 4276 1551 4336; x_wconf 89' lang='lat' dir='ltr'><strong>est</strong></span> <span class='ocrx_word' id='word_1_293' title='bbox 1577 4263 1616 4338; x_wconf 90' lang='lat' dir='ltr'><strong>vi</strong></span> <span class='ocrx_word' id='word_1_294' title='bbox 1640 4262 1917 4360; x_wconf 79' lang='lat' dir='ltr'><strong>Aegyptiorum</strong></span> <span class='ocrx_word' id='word_1_295' title='bbox 1946 4265 2195 4352; x_wconf 72' lang='lat' dir='ltr'><strong>mucronis,</strong></span> <span class='ocrx_word' id='word_1_296' title='bbox 2236 4273 2277 4336; x_wconf 91' lang='lat' dir='ltr'><strong>vt</strong></span> 
     </span>
     <span class='ocr_line' id='line_1_30' title="bbox 438 4384 2278 4496; baseline 0.007 -38"><span class='ocrx_word' id='word_1_297' title='bbox 438 4384 572 4460; x_wconf 88' lang='lat' dir='ltr'><strong>itidem</strong></span> <span class='ocrx_word' id='word_1_298' title='bbox 600 4409 701 4466; x_wconf 89' lang='lat' dir='ltr'><strong>noua</strong></span> <span class='ocrx_word' id='word_1_299' title='bbox 723 4396 871 4469; x_wconf 90' lang='lat' dir='ltr'><strong>ratione</strong></span> <span class='ocrx_word' id='word_1_300' title='bbox 894 4399 1117 4492; x_wconf 88' lang='lat' dir='ltr'><strong>pertractari</strong></span> <span class='ocrx_word' id='word_1_301' title='bbox 1143 4398 1292 4475; x_wconf 84' lang='lat' dir='ltr'><strong>debeat</strong></span> <span class='ocrx_word' id='word_1_302' title='bbox 1341 4396 1554 4491; x_wconf 79' lang='lat' dir='ltr'><strong>Quaeritur,</strong></span> <span class='ocrx_word' id='word_1_303' title='bbox 1580 4419 1676 4496; x_wconf 92' lang='lat' dir='ltr'><strong>quae</strong></span> <span class='ocrx_word' id='word_1_304' title='bbox 1702 4417 1853 4472; x_wconf 89' lang='lat' dir='ltr'><strong>summa</strong></span> <span class='ocrx_word' id='word_1_305' title='bbox 1879 4397 1996 4472; x_wconf 86' lang='lat' dir='ltr'><strong>suerit</strong></span> <span class='ocrx_word' id='word_1_306' title='bbox 2020 4412 2194 4474; x_wconf 90' lang='lat' dir='ltr'><strong>veterum</strong></span> <span class='ocrx_word' id='word_1_307' title='bbox 2219 4421 2278 4472; x_wconf 91' lang='lat' dir='ltr'><strong>re-</strong></span> 
     </span>
     <span class='ocr_line' id='line_1_31' title="bbox 438 4517 2279 4634; baseline 0.008 -41"><span class='ocrx_word' id='word_1_308' title='bbox 438 4517 639 4614; x_wconf 82' lang='lat' dir='ltr'><strong>ligionnm3</strong></span> <span class='ocrx_word' id='word_1_309' title='bbox 682 4527 870 4623; x_wconf 91' lang='lat' dir='ltr'><strong>quomodo</strong></span> <span class='ocrx_word' id='word_1_310' title='bbox 905 4529 1132 4606; x_wconf 84' lang='lat' dir='ltr'><strong>cohaereant</strong></span> <span class='ocrx_word' id='word_1_311' title='bbox 1164 4555 1249 4610; x_wconf 92' lang='lat' dir='ltr'><strong>cum</strong></span> <span class='ocrx_word' id='word_1_312' title='bbox 1279 4534 1481 4634; x_wconf 83' lang='lat' dir='ltr'><strong>gentilibus</strong></span> <span class='ocrx_word' id='word_1_313' title='bbox 1508 4531 1722 4622; x_wconf 82' lang='lat' dir='ltr'><strong>hodiernis3</strong></span> <span class='ocrx_word' id='word_1_314' title='bbox 1756 4530 1849 4629; x_wconf 92' lang='lat' dir='ltr'><strong>quid</strong></span> <span class='ocrx_word' id='word_1_315' title='bbox 1880 4533 2092 4628; x_wconf 81' lang='lat' dir='ltr'><strong>significent</strong></span> <span class='ocrx_word' id='word_1_316' title='bbox 2125 4542 2182 4605; x_wconf 90' lang='lat' dir='ltr'><strong>tot</strong></span> <span class='ocrx_word' id='word_1_317' title='bbox 2212 4533 2279 4610; x_wconf 86' lang='lat' dir='ltr'><strong>Dii</strong></span> 
     </span>
     <span class='ocr_line' id='line_1_32' title="bbox 436 4651 2279 4766; baseline 0.008 -41"><span class='ocrx_word' id='word_1_318' title='bbox 436 4651 638 4752; x_wconf 86' lang='lat' dir='ltr'><strong>Deaeque;</strong></span> <span class='ocrx_word' id='word_1_319' title='bbox 679 4656 771 4755; x_wconf 92' lang='lat' dir='ltr'><strong>quid</strong></span> <span class='ocrx_word' id='word_1_320' title='bbox 795 4661 868 4735; x_wconf 91' lang='lat' dir='ltr'><strong>sibi</strong></span> <span class='ocrx_word' id='word_1_321' title='bbox 901 4664 1022 4739; x_wconf 87' lang='lat' dir='ltr'><strong>velint</strong></span> <span class='ocrx_word' id='word_1_322' title='bbox 1053 4672 1250 4744; x_wconf 76' lang='lat' dir='ltr'><strong>nununum</strong></span> <span class='ocrx_word' id='word_1_323' title='bbox 1274 4681 1479 4747; x_wconf 82' lang='lat' dir='ltr'><strong>stemmata</strong></span> <span class='ocrx_word' id='word_1_324' title='bbox 1510 4681 1549 4740; x_wconf 91' lang='lat' dir='ltr'><strong>et</strong></span> <span class='ocrx_word' id='word_1_325' title='bbox 1581 4664 1753 4756; x_wconf 88' lang='lat' dir='ltr'><strong>ordines;</strong></span> <span class='ocrx_word' id='word_1_326' title='bbox 1792 4665 1884 4766; x_wconf 91' lang='lat' dir='ltr'><strong>quid</strong></span> <span class='ocrx_word' id='word_1_327' title='bbox 1913 4667 2067 4742; x_wconf 88' lang='lat' dir='ltr'><strong>valeant</strong></span> <span class='ocrx_word' id='word_1_328' title='bbox 2100 4667 2279 4742; x_wconf 87' lang='lat' dir='ltr'><strong>animalia</strong></span> 
     </span>
     <span class='ocr_line' id='line_1_33' title="bbox 435 4794 2279 4898; baseline 0.008 -36"><span class='ocrx_word' id='word_1_329' title='bbox 435 4811 543 4863; x_wconf 88' lang='lat' dir='ltr'><strong>sacra</strong></span> <span class='ocrx_word' id='word_1_330' title='bbox 573 4804 613 4862; x_wconf 87' lang='lat' dir='ltr'><strong>et</strong></span> <span class='ocrx_word' id='word_1_331' title='bbox 638 4794 889 4892; x_wconf 83' lang='lat' dir='ltr'><strong>vegetabilia3</strong></span> <span class='ocrx_word' id='word_1_332' title='bbox 922 4800 1110 4896; x_wconf 90' lang='lat' dir='ltr'><strong>quomodo</strong></span> <span class='ocrx_word' id='word_1_333' title='bbox 1132 4803 1280 4898; x_wconf 87' lang='lat' dir='ltr'><strong>singula</strong></span> <span class='ocrx_word' id='word_1_334' title='bbox 1304 4805 1462 4878; x_wconf 87' lang='lat' dir='ltr'><strong>numina</strong></span> <span class='ocrx_word' id='word_1_335' title='bbox 1483 4803 1560 4874; x_wconf 86' lang='lat' dir='ltr'><strong>sint</strong></span> <span class='ocrx_word' id='word_1_336' title='bbox 1581 4813 1683 4890; x_wconf 83' lang='lat' dir='ltr'><strong>orta3</strong></span> <span class='ocrx_word' id='word_1_337' title='bbox 1715 4823 1780 4874; x_wconf 91' lang='lat' dir='ltr'><strong>cur</strong></span> <span class='ocrx_word' id='word_1_338' title='bbox 1806 4801 1861 4874; x_wconf 88' lang='lat' dir='ltr'><strong>sio</strong></span> <span class='ocrx_word' id='word_1_339' title='bbox 1886 4799 2095 4898; x_wconf 86' lang='lat' dir='ltr'><strong>appellata,</strong></span> <span class='ocrx_word' id='word_1_340' title='bbox 2128 4801 2183 4876; x_wconf 88' lang='lat' dir='ltr'><strong>sio</strong></span> <span class='ocrx_word' id='word_1_341' title='bbox 2208 4823 2279 4876; x_wconf 86' lang='lat' dir='ltr'><strong>ex-</strong></span> 
     </span>
    </p>
   </div>
   <div class='ocr_carea' id='block_1_7' title="bbox 308 4915 2280 5033">
    <p class='ocr_par' dir='ltr' id='par_1_7' title="bbox 308 4915 2280 5033">
     <span class='ocr_line' id='line_1_34' title="bbox 308 4915 2280 5033; baseline 0.007 -38"><span class='ocrx_word' id='word_1_342' title='bbox 308 4935 317 4954; x_wconf 90' lang='lat'><strong>·</strong></span> <span class='ocrx_word' id='word_1_343' title='bbox 435 4945 579 5020; x_wconf 89' lang='lat' dir='ltr'><strong>pressa,</strong></span> <span class='ocrx_word' id='word_1_344' title='bbox 606 4925 659 4998; x_wconf 89' lang='lat' dir='ltr'><strong>sie</strong></span> <span class='ocrx_word' id='word_1_345' title='bbox 685 4940 839 5021; x_wconf 86' lang='lat' dir='ltr'><strong>ornata,</strong></span> <span class='ocrx_word' id='word_1_346' title='bbox 872 4936 926 5008; x_wconf 90' lang='lat' dir='ltr'><strong>sic</strong></span> <span class='ocrx_word' id='word_1_347' title='bbox 951 4934 1062 5025; x_wconf 88' lang='lat' dir='ltr'><strong>culta,</strong></span> <span class='ocrx_word' id='word_1_348' title='bbox 1087 4937 1198 5012; x_wconf 88' lang='lat' dir='ltr'><strong>certis</strong></span> <span class='ocrx_word' id='word_1_349' title='bbox 1224 4939 1266 5012; x_wconf 94' lang='lat' dir='ltr'><strong>in</strong></span> <span class='ocrx_word' id='word_1_350' title='bbox 1297 4938 1388 5012; x_wconf 91' lang='lat' dir='ltr'><strong>locis</strong></span> <span class='ocrx_word' id='word_1_351' title='bbox 1411 4934 1542 5010; x_wconf 89' lang='lat' dir='ltr'><strong>habita</strong></span> <span class='ocrx_word' id='word_1_352' title='bbox 1571 4935 1730 5026; x_wconf 81' lang='lat' dir='ltr'><strong>fuerint3</strong></span> <span class='ocrx_word' id='word_1_353' title='bbox 1766 4956 1839 5033; x_wconf 89' lang='lat' dir='ltr'><strong>quo</strong></span> <span class='ocrx_word' id='word_1_354' title='bbox 1865 4935 1981 5010; x_wconf 92' lang='lat' dir='ltr'><strong>modo</strong></span> <span class='ocrx_word' id='word_1_355' title='bbox 2009 4948 2066 5010; x_wconf 92' lang='lat' dir='ltr'><strong>tot</strong></span> <span class='ocrx_word' id='word_1_356' title='bbox 2088 4935 2213 5031; x_wconf 87' lang='lat' dir='ltr'><strong>mythi</strong></span> <span class='ocrx_word' id='word_1_357' title='bbox 2239 4915 2280 5010; x_wconf 82' lang='lat' dir='ltr'><strong>et</strong></span> 
     </span>
    </p>
   </div>
   <div class='ocr_carea' id='block_1_8' title="bbox 436 5055 2275 5303">
    <p class='ocr_par' dir='ltr' id='par_1_8' title="bbox 436 5055 2275 5303">
     <span class='ocr_line' id='line_1_35' title="bbox 438 5055 2273 5168; baseline 0.007 -40"><span class='ocrx_word' id='word_1_358' title='bbox 438 5055 588 5132; x_wconf 77' lang='lat' dir='ltr'><strong>tabulae</strong></span> <span class='ocrx_word' id='word_1_359' title='bbox 615 5063 799 5158; x_wconf 87' lang='lat' dir='ltr'><strong>explicari</strong></span> <span class='ocrx_word' id='word_1_360' title='bbox 828 5065 1009 5163; x_wconf 87' lang='lat' dir='ltr'><strong>debcant;</strong></span> <span class='ocrx_word' id='word_1_361' title='bbox 1043 5093 1133 5146; x_wconf 87' lang='lat' dir='ltr'><strong>nnrn</strong></span> <span class='ocrx_word' id='word_1_362' title='bbox 1157 5070 1343 5168; x_wconf 88' lang='lat' dir='ltr'><strong>prodierit</strong></span> <span class='ocrx_word' id='word_1_363' title='bbox 1368 5072 1490 5146; x_wconf 90' lang='lat' dir='ltr'><strong>omnis</strong></span> <span class='ocrx_word' id='word_1_364' title='bbox 1516 5070 1648 5166; x_wconf 89' lang='lat' dir='ltr'><strong>religio</strong></span> <span class='ocrx_word' id='word_1_365' title='bbox 1674 5092 1728 5144; x_wconf 83' lang='lat' dir='ltr'><strong>ex</strong></span> <span class='ocrx_word' id='word_1_366' title='bbox 1751 5069 2024 5160; x_wconf 87' lang='lat' dir='ltr'><strong>Fetischismo,</strong></span> <span class='ocrx_word' id='word_1_367' title='bbox 2050 5093 2100 5145; x_wconf 86' lang='lat' dir='ltr'><strong>an</strong></span> <span class='ocrx_word' id='word_1_368' title='bbox 2120 5095 2174 5146; x_wconf 84' lang='lat' dir='ltr'><strong>ex</strong></span> <span class='ocrx_word' id='word_1_369' title='bbox 2195 5069 2273 5144; x_wconf 83' lang='lat' dir='ltr'><strong>hlo-</strong></span> 
     </span>
     <span class='ocr_line' id='line_1_36' title="bbox 436 5189 2275 5303; baseline 0.01 -42"><span class='ocrx_word' id='word_1_370' title='bbox 436 5189 658 5268; x_wconf 88' lang='lat' dir='ltr'><strong>notheismo.</strong></span> <span class='ocrx_word' id='word_1_371' title='bbox 686 5195 790 5275; x_wconf 88' lang='lat' dir='ltr'><strong>Haec</strong></span> <span class='ocrx_word' id='word_1_372' title='bbox 808 5227 899 5281; x_wconf 90' lang='lat' dir='ltr'><strong>vero</strong></span> <span class='ocrx_word' id='word_1_373' title='bbox 920 5209 1047 5282; x_wconf 87' lang='lat' dir='ltr'><strong>ornnia</strong></span> <span class='ocrx_word' id='word_1_374' title='bbox 1065 5203 1235 5303; x_wconf 89' lang='lat' dir='ltr'><strong>pendent</strong></span> <span class='ocrx_word' id='word_1_375' title='bbox 1248 5229 1273 5279; x_wconf 91' lang='lat' dir='ltr'><strong>a</strong></span> <span class='ocrx_word' id='word_1_376' title='bbox 1292 5206 1478 5303; x_wconf 85' lang='lat' dir='ltr'><strong>principio</strong></span> <span class='ocrx_word' id='word_1_377' title='bbox 1496 5203 1765 5302; x_wconf 79' lang='lat' dir='ltr'><strong>mythologice,</strong></span> <span class='ocrx_word' id='word_1_378' title='bbox 1790 5207 1852 5283; x_wconf 89' lang='lat' dir='ltr'><strong>vel</strong></span> <span class='ocrx_word' id='word_1_379' title='bbox 1876 5205 2070 5300; x_wconf 86' lang='lat' dir='ltr'><strong>religionis</strong></span> <span class='ocrx_word' id='word_1_380' title='bbox 2088 5206 2275 5302; x_wconf 86' lang='lat' dir='ltr'><strong>antiquae.</strong></span> 
     </span>
    </p>
   </div>
   <div class='ocr_carea' id='block_1_9' title="bbox 0 0 2478 6100">
    <p class='ocr_par' dir='ltr' id='par_1_9' title="bbox 0 0 2478 6100">
     <span class='ocr_line' id='line_1_37' title="bbox 0 0 2478 6100; baseline 0 0"><span class='ocrx_word' id='word_1_381' title='bbox 0 0 2478 6100; x_wconf 95' lang='lat' dir='ltr'><strong> </strong></span> 
     </span>
    </p>
   </div>
  </div>
 </body>
</html>
