4928 6102
1065 2151 1623 2263 D.e'1'rigonia.

523 2347 688 2436 trigona,
711 2349 780 2410 siue
803 2342 1001 2431 Trianguia,
1023 2352 1093 2414 siue
1111 2345 1343 2434 Triplioitatea,
1366 2357 1441 2412 snut
1460 2347 1545 2410 trina
1565 2339 1697 2408 zodiaci
1718 2343 1812 2427 signs
1833 2335 1964 2425 paribus
1983 2332 2163 2409 intentabit
2185 2335 2268 2398 inter

442 2491 477 2534 aa
498 2467 670 2546 distantia,
696 2463 816 2529 scilicet
835 2471 909 2558 99⁰.
952 2465 1083 2534 Dantur
1110 2467 1220 2552 itaque
1240 2466 1274 2528 in
1303 2461 1425 2528 circuio
1446 2461 1593 2550 ecliptico
1615 2474 1754 2547 quatuor
1775 2453 1939 2544 Trigona‚
1979 2475 2073 2540 qnae,
2096 2466 2133 2517 vt
2159 2469 2270 2516 ornnes

442 2584 574 2650 zodiaci
594 2596 722 2669 partes,
752 2603 827 2646 auos
849 2581 968 2650 habent
989 2585 1135 2650 dominos
1159 2603 1204 2647 ex
1227 2580 1288 2644 diis
1307 2576 1506 2666 planetariis.
1549 2577 1601 2644 Da
1632 2575 1805 2663 Trigouis‚
1818 2571 2045 2660 'TouagoniQ
2068 2567 2272 2664 'Hexagonis

441 2723 520 2768 uero
541 2699 724 2780 sciendum,
754 2719 793 2762 aa
818 2699 899 2768 alios
921 2703 1067 2769 dominos
1090 2701 1160 2781 die,
1196 2698 1277 2763 alios
1307 2711 1405 2764 noctu
1431 2696 1571 2777 babere,
1604 2693 1720 2781 quibus
1747 2679 1916 2780 praeterea
1945 2691 2036 2756 adast
2058 2689 2172 2754 tertius
2194 2685 2271 2750 deus

444 2818 610 2900 munifex,
639 2820 694 2903 qni
721 2839 779 2901 pro
805 2818 960 2884 alterutro
985 2818 1156 2889 adhibetur
1185 2817 1485 2903 nonnunquam⁸⁸).
1536 2809 1686 2894 Scilicet,
1719 2831 1817 2896 quum
1844 2810 1984 2899 quinque
2013 2805 2164 2892 planatae
2193 2797 2273 2864 duas

446 2933 587 2999 habeant
608 2934 720 2997 domos
741 2953 799 3000 aen
820 2937 931 3019 signu,
960 2940 1061 3024 signis
1080 2957 1159 3000 vero
1183 2933 1255 3000 aliis
1284 2935 1340 3001 alii
1368 2934 1488 2998 domini
1513 2927 1754 3016 Trigonum,
1781 2911 2041 3013 Petregonorun
2071 2920 2273 3006 Hexagono-

446 3073 581 3138 rumque
600 3063 781 3137 praestent3
803 3072 843 3115 aa
863 3054 957 3140 signa
973 3055 1058 3118 inter
1078 3073 1115 3118 ss
1131 3053 1382 3139 distinguuntur,
1405 3049 1579 3116 afferendis
1599 3047 1735 3113 dominis
1750 3041 1979 3132 Trigonornrn.
2008 3027 2161 3128 &quitur
2173 3037 2273 3104 index
2348 3091 2355 3107 .

445 3165 663 3258 Trigonorom
681 3189 855 3254 eorumque
875 3171 1142 3256 praepositorum.

521 4347 566 4415 ii)
583 4347 704 4404 Procius
720 4350 804 4405 Diad.
824 4347 994 4419 Parapbras.
1018 4351 1052 4403 L.
1060 4351 1082 4406 1.
1101 4351 1210 4406 cxxi.
1233 4351 1323 4423 pit„
1342 4350 1429 4405 habet
1446 4366 1498 4421 pro
1517 4352 1531 4402 i
1551 4357 1584 4416 A
1603 4350 1732 4404 dontinus
1752 4345 1787 4416 Θ
1809 4351 1837 4413 ²4
1863 4351 1907 4420 d,
1925 4363 2099 4419 requerere
2116 4348 2198 4423 imt
2216 4355 2279 4409 Pir.

453 4435 543 4488 iniens
560 4432 651 4488 tradit
663 4434 739 4490 L.ii.
758 4451 781 4488 a.
791 4437 832 4490 ll.
850 4438 927 4507 pst.
950 4437 1019 4490 cunt
1031 4436 1136 4490 Procio
1153 4435 1224 4492 iacit
1240 4435 1424 4490 Ptolemaeus
1443 4436 1625 4504 Quadripert.
1646 4434 1680 4486 L.
1693 4435 1714 4487 1.
1735 4448 1757 4487 c.
1768 4433 1810 4488 te.
1828 4447 1856 4504 p.
1864 4434 1906 4498 μ.
1932 4434 1976 4487 De
1990 4433 2114 4490 doniuis
2124 4439 2186 4505 M
2201 4440 2278 4495 inter

454 4534 485 4572 se
504 4522 690 4574 consentiunt
707 4519 844 4584 Procius,
868 4523 1057 4578 Firminus-et
1077 4521 1277 4586 Ptolemaeus,
1301 4521 1357 4598 nisi
1376 4521 1452 4589 quod
1470 4520 1652 4574 Ptolemaeus
1675 4521 1699 4583 1)
1719 4519 1793 4583 diei,
1820 4521 1842 4590 ῼ
1864 4521 1944 4572 nocti
1960 4520 2101 4575 adscribit
2116 4521 2180 4578 ini.
2201 4527 2278 4582 aii.

454 4603 532 4672 pit.
549 4604 592 4659 De
611 4609 645 4674 A
661 4605 678 4658 3
696 4605 776 4658 nulia
792 4612 838 4658 est
855 4609 1064 4663 controuersia
1086 4606 1167 4671 Quod
1192 4621 1260 4664 vero
1281 4615 1416 4677 quartum
1438 4607 1472 4672 Δ
1491 4607 1538 4670 (Ξ
1556 4605 1589 4669 1η
1608 4607 1655 4669 Χ)
1673 4605 1795 4670 attinet,
1820 4605 1961 4658 firmicus
1978 4606 2136 4666 dominium
2155 4610 2212 4664 diei
2241 4613 2278 4683 2,

455 4689 557 4764 docus,
571 4695 602 4756 d·
621 4690 734 4754 tribuit,
754 4697 783 4743 et
799 4691 948 4762 utriusque
961 4693 1100 4746 auxilinm
1121 4697 1145 4760 1)
1159 4695 1177 4746 i.
1188 4710 1212 4746 c.
1228 4709 1255 4762 p.
1263 4695 1305 4745 24.
1314 4693 1357 4746 25.
1365 4692 1419 4756 26„
1434 4692 1617 4764 Ptolemaeus
1634 4705 1705 4744 vero
1719 4705 1772 4759 pro
1790 4698 1875 4746 nocte
1890 4688 1977 4744 habet
1992 4694 2105 4757 nond,
2124 4694 2213 4762 sed)
2226 4697 2278 4754 Le.

453 4774 532 4845 pit.
549 4774 681 4844 Denique
696 4773 816 4829 Procius
834 4791 863 4846 p.
870 4778 913 4832 ts.
933 4777 1128 4847 adstipulatur
1146 4776 1312 4832 Ptolemaeo
1329 4779 1359 4830 in
1375 4791 1420 4842 eo,
1438 4775 1514 4845 quod
1534 4775 1612 4828 nocti
1636 4777 1661 4842 Ι)
1683 4776 1742 4842 dat,
1760 4784 1847 4847 atque
1866 4783 1897 4844 d·
1917 4778 2078 4832 munificans
2096 4776 2277 4836 dominorum

452 4863 602 4916 amborum
616 4859 760 4930 appellat,
778 4860 829 4912 sed
849 4862 980 4918 dissentit
996 4865 1032 4918 ab
1049 4869 1172 4934 viroque
1191 4861 1226 4918 de
1245 4861 1360 4916 domino
1378 4863 1442 4918 diei.
1464 4860 1582 4915 scilicet
1600 4857 1687 4915 editio
1705 4877 1768 4916 mea
1786 4863 1892 4934 (Lugii.
1911 4863 1978 4917 Bet.
1996 4863 2075 4928 ctos)
2091 4875 2143 4931 pro
2161 4864 2278 4928 doraino

455 4947 514 5001 diei
533 4945 618 5000 babet
643 4948 666 5019 2
691 4944 815 5015 quidem,
835 4945 932 5001 sedin
950 4949 1137 5004 translatione
1155 4949 1264 5004 Latina
1280 4955 1327 5002 est
1338 4947 1512 5014 Mercurius,
1529 4964 1563 5001 ac
1578 4947 1602 5001 si
1620 4947 1766 5018 interpres
1784 4948 1907 5002 Aiintios
1918 4949 1949 5002 iu
1966 4948 2069 5002 Codice
2082 4948 2277 5006 suo-Romano

454 5033 567 5103 signata
593 5031 637 5100 Ξ,
652 5048 745 5104 neque
763 5047 832 5086 vero
849 5041 872 5106 2
889 5041 953 5088 anto
979 5034 1079 5089 oeulos
1096 5033 1239 5090 babuerit.
1263 5036 1364 5104 itaque
1384 5035 1548 5106 probabile,
1573 5034 1743 5105 praesertim
1764 5050 1827 5087 cun
1849 5031 1872 5102 2
1897 5041 1928 5091 et
1952 5033 1974 5103 ii
2004 5030 2131 5106 eiusdem
2157 5043 2278 5090 naturae

454 5123 626 5189 putarentur
642 5115 722 5181 (iuir.
744 5119 843 5185 bid),
861 5128 1013 5191 utrumque
1032 5120 1174 5188 pisuetana
1193 5120 1260 5175 huic
1280 5123 1408 5191 Trigono
1425 5119 1593 5192 praefuisse.
1629 5121 1780 5174 caeterum
1794 5119 1900 5175 ibidem
1911 5119 2107 5190 infrangitur
2120 5120 2152 5172 in
2165 5119 2277 5176 (isaaco

456 5211 487 5258 et
504 5202 611 5257 Latino
637 5209 719 5257 textu
742 5209 853 5273 pariter
876 5207 898 5277 ῼ
922 5208 984 5259 siue
1009 5206 1116 5260 Venus.
1154 5205 1261 5261 Panion
1283 5207 1492 5261 Alexandrinus
1509 5221 1577 5261 sero
1596 5205 1650 5262 hos
1670 5203 1756 5259 babet
1773 5206 1918 5262 dontinust
1945 5209 1975 5259 lt
1995 5207 2031 5279 Θ
2050 5205 2108 5271 die,
2127 5209 2153 5264 :t
2173 5214 2278 5270 uectat

456 5295 487 5342 at
512 5289 535 5360 2
559 5287 623 5354 die,
645 5291 672 5360 2
693 5298 796 5355 noetu3
822 5290 896 5360 32ss
916 5293 978 5352 die,
1012 5289 1034 5351 ii
1059 5297 1146 5345 noctu
1163 5294 1249 5358 (ter);
1274 5293 1310 5344 42
1328 5299 1351 5362 2
1370 5291 1434 5356 dis,
1461 5294 1492 5355 d
1512 5297 1608 5346 noun.
1636 5291 1702 5346 vid.
1718 5289 1800 5347 Pani.
1822 5292 1865 5346 ΑΙ.
1882 5290 1928 5349 ed.
1943 5291 2042 5350 vitet.
2060 5287 2136 5346 rtet
2152 5291 2215 5346 sine
2231 5305 2278 5361 pp.
