4904 6100
1158 485 1524 584 -202-÷-

418 709 478 776 par
499 697 549 752 est
560 732 571 766 ,
597 687 646 750 ita
669 697 702 748 at
722 683 833 748 variae
852 681 947 744 vuius
966 679 1082 764 papyri
1102 676 1248 740 luminae
1269 679 1355 740 inter
1375 698 1411 742 se
1433 677 1632 763 discrepantt
1663 695 1728 762 qua
1749 675 1787 739 de
1811 697 1865 758 re,
1894 688 2027 760 proptor
2049 674 2197 738 dinem
2220 673 2269 739 lu·

419 805 530 870 urinae
553 799 718 865 cniusdam
739 810 772 861 et
791 793 1021 870 horisontales,
1042 805 1075 856 et
1097 789 1266 856 verticulas
1289 791 1401 876 libras,
1422 796 1508 857 inter
1528 793 1622 856 varia
1642 793 1759 877 papyri
1779 791 1964 878 fragmenta
1986 795 2119 858 inuenta
2139 793 2272 858 nonnisi

421 919 485 984 duo
516 919 602 980 inter
630 935 665 978 se
693 912 845 996 coniungi
875 922 1027 995 possunt,
1058 911 1177 995 quippe
1206 929 1269 994 quo
1298 905 1371 974 loco
1400 908 1514 973 eadam
1536 921 1586 972 ert
1615 909 1649 972 in
1674 922 1808 995 atroque
1835 909 2019 994 fragmento
2038 906 2193 976 librarum
2212 924 2270 974 aut

422 1032 579 1112 altitudo,
604 1043 660 1094 unt
681 1028 886 1111 crassitudo,
908 1040 966 1091 aut
986 1029 1220 1114 perspicuitas,
1251 1025 1392 1090 autulio
1414 1047 1525 1091 earnm
1546 1027 1629 1089 ratio
1652 1024 1777 1091 similis.
1822 1023 1929 1101 Quum
1952 1022 2080 1088 dubites
2103 1021 2206 1087 adbuc
2227 1025 2269 1086 de

425 1150 497 1216 loco
520 1149 707 1222 iuncturae;
727 1145 844 1210 literae
864 1143 1000 1219 fractae,
1024 1156 1080 1207 ant
1100 1165 1255 1209 versuum
1276 1147 1376 1210 series
1390 1157 1527 1230 utraque
1548 1143 1663 1229 papyri
1683 1145 1717 1206 in
1738 1157 1830 1228 purte
1845 1143 2046 1228 conspicuus,
2071 1152 2269 1206 momentum

421 1268 555 1334 faciunt.
600 1261 758 1348 Nuspiam
783 1264 868 1348 euim
899 1259 1031 1338 accidit,
1059 1273 1114 1342 vt,
1146 1283 1243 1348 quum
1271 1261 1335 1326 duo
1363 1261 1546 1347 fragmenta
1569 1279 1751 1345 papyreoaa
1776 1258 1868 1324 fibris
1898 1259 2091 1323 conueniant
2118 1271 2206 1324 certo
2236 1261 2269 1321 in

422 1385 582 1470 margine,
604 1378 724 1444 ibidem
747 1381 845 1444 etiam
869 1375 984 1443 literas
1005 1379 1116 1442 variae
1139 1379 1263 1442 diuisae
1285 1399 1322 1442 ao
1343 1377 1466 1443 bactra
1488 1375 1522 1440 in
1541 1395 1641 1440 vuum
1663 1397 1778 1462 corpus
1798 1374 1943 1458 redeant,
1965 1377 1992 1440 si
2013 1375 2194 1461 fragmenta
2213 1373 2270 1471 illa

429 1519 603 1586 perperam
632 1497 802 1560 coniuncte
831 1497 952 1560 fuerint
981 1494 1156 1560 secundum
1179 1493 1291 1560 fibras.
1335 1491 1431 1572 Quod
1458 1493 1601 1560 accidere
1626 1505 1752 1580 potest,
1776 1513 1873 1578 quum
1895 1492 2065 1556 interduo
2089 1491 2270 1578 fragmenta

434 1615 523 1680 alind
546 1613 705 1701 quoddam
726 1612 939 1680 desideratur.
982 1611 1133 1700 Denique
1151 1612 1314 1693 foliorum,
1338 1611 1453 1699 quibus
1471 1613 1586 1700 papyri
1610 1622 1771 1691 constant,
1794 1624 1827 1673 et
1847 1611 1949 1696 ipsius
1968 1608 2139 1675 voluminis
2163 1611 2270 1674 cuine

399 1761 401 1764 ·
431 1733 507 1796 daur
528 1728 700 1816 longitudo
721 1732 925 1817 cognoscitur
947 1750 965 1793 e
987 1731 1143 1794 iuncturis
1165 1731 1281 1815 papyri
1302 1742 1399 1816 atque
1421 1752 1440 1794 e
1462 1749 1615 1796 versuum
1635 1726 1690 1792 vel
1711 1725 1930 1792 columnarum
1951 1723 2270 1813 scriptarum-longi·

430 1845 551 1911 tudine.
593 1842 722 1910 Scilicet
744 1847 881 1931 quoduis
902 1844 1053 1911 volumen
1073 1868 1286 1932 papyraceum
1302 1859 1427 1912 constat
1446 1844 1533 1911 foliis
1555 1843 1691 1932 singulis
1710 1843 1910 1931 longitndine
1930 1843 2073 1930 peritus,
2095 1865 2179 1931 quae
2200 1845 2271 1930 qni·

432 1962 506 2027 darn
533 1961 614 2026 folia
636 1965 683 2026 ita
706 1963 791 2028 inter
818 1986 854 2029 se
875 1965 1072 2050 iunguntur,
1102 1977 1139 2028 vt
1169 1962 1307 2028 alterurn
1330 1961 1422 2027 alteri
1451 1959 1678 2049 inglutinatnr3
1708 1961 1825 2048 quibua
1851 1964 1886 2025 ln
1906 1960 2004 2042 locis,
2027 1959 2082 2026 vel
2105 1963 2271 2040 iuncturis,

432 2082 546 2164 papyri
575 2080 750 2144 mandore·
778 2093 854 2145 suut
883 2079 1052 2146 etlumen
1082 2101 1146 2145 non
1175 2079 1407 2145 uanamittuot.
1450 2075 1560 2155 Quum
1580 2100 1658 2144 vero
1680 2081 1818 2168 qnoduis
1838 2079 1951 2163 papyri
1972 2077 2140 2144 eumdum
2161 2075 2274 2140 folium

437 2214 529 2260 snam
558 2194 680 2260 babeat
707 2194 900 2262 laminarum
924 2209 957 2262 at
985 2196 1141 2264 fibrarum
1169 2209 1334 2261 texturam
1356 2196 1573 2284 singularemt
1603 2195 1699 2260 facile
1720 2217 1765 2262 ex
1787 2198 1942 2281 cuiusque
1963 2195 2138 2282 fragmenti
2159 2207 2276 2258 natura

435 2314 658 2398 cognoscitur,
685 2312 726 2375 ud
754 2314 914 2398 quodnam
942 2317 1054 2399 papyri
1074 2311 1187 2378 foliam
1215 2325 1349 2398 spectet.
1392 2313 1501 2379 Etiam
1530 2311 1700 2378 columnae
1729 2315 1923 2398 scripturae,
1952 2314 1985 2376 in
2012 2333 2132 2398 papyro
2162 2312 2278 2398 queuis

436 2432 637 2516 conspicuae,
659 2449 754 2514 pares
773 2444 849 2496 sunt
868 2429 1085 2517 longitudine;
1110 2451 1206 2517 quam
1228 2428 1270 2494 ob
1293 2449 1434 2511 caumnr,
1455 2433 1585 2520 cognita
1603 2431 1699 2495 ruins
1717 2429 1885 2494 columnae
1905 2427 2118 2516 longitudine,
2137 2427 2278 2514 reliqna·

437 2567 510 2612 rum
531 2547 596 2612 iam
624 2559 673 2610 ast
702 2561 800 2612 certa.
844 2547 906 2612 His
933 2548 1061 2634 quidem
1081 2546 1214 2633 ‚regulis
1244 2545 1454 2611 obseruandis
1479 2546 1666 2612 facillimum
1689 2559 1756 2627 est,
1792 2548 1895 2612 omnis
1923 2548 2053 2632 generis
2073 2567 2210 2632 papyros
2233 2567 2279 2610 ex

438 2665 629 2752 fragmentis
653 2665 718 2727 suis
745 2665 933 2746 restituere,
964 2667 1090 2730 etiamsi
1117 2679 1226 2752 partes
1247 2663 1404 2751 quaedam
1427 2665 1565 2728 amissae
1589 2655 1727 2738 fuerint3
1766 2675 1862 2750 atque
1883 2663 1945 2728 bue
1965 2667 2092 2730 ratione
2116 2676 2206 2728 ortus
2227 2676 2281 2726 est

439 2802 544 2848 nouus
565 2779 621 2847 ille
640 2779 800 2846 Zodiacus
822 2781 1050 2868 Aegyptiacus,
1074 2785 1164 2848 cuins
1184 2779 1425 2846 similitudinem
1446 2780 1486 2845 sd
1508 2779 1702 2866 autographi
1722 2775 1820 2844 fidem
1841 2779 1995 2845 redditam
2010 2779 2109 2844 babes
2130 2777 2214 2844 Tab.
2229 2779 2280 2844 lll
2343 2819 2345 2822 -
2444 2727 2445 2772 l

441 2900 539 2964 infra.
581 2895 691 2973 Quum
714 2902 799 2964 enim
819 2919 977 2983 papyrum
995 2897 1092 2964 bocca
1114 2921 1134 2963 e
1151 2899 1341 2985 fragmentis
1362 2900 1441 2980 suis,
1463 2911 1623 2985 qnatenus
1643 2895 1744 2973 licuit,
1765 2917 1978 2982 reparassem,
1996 2899 2280 2983 utriusquepartis

442 3013 555 3082 titulos
574 3003 686 3078 oliarta
706 3013 824 3096 lucida,
847 3036 904 3080 san
926 3017 1076 3096 corticea,
1099 3015 1262 3102 descripsi,
1284 3015 1369 3104 qnod
1384 3037 1493 3081 meum
1516 3013 1703 3100 exemplum
1718 3015 1956 3106 uocmutiasime
1976 3035 2062 3078 nunc
2081 3017 2115 3078 in
2135 3012 2280 3100 lapidem

441 3130 713 3218 lithograpbicum
737 3133 940 3217 transscripsi
956 3133 999 3216 ²).
1030 3129 1182 3196 Ceterum
1202 3131 1265 3196 boo
1280 3155 1438 3218 papyrum
1453 3147 1540 3200 recte
1564 3156 1585 3198 a
1602 3154 1655 3198 rue
1675 3134 1859 3196 restitutum
1882 3153 1963 3213 esse,
1977 3129 2031 3194 vel
2053 3129 2106 3196 bic
2127 3129 2280 3197 facillime

445 3247 646 3336 intelligitur.
689 3247 817 3314 Scilicet
837 3252 995 3336 primum,
1025 3249 1209 3337 fragmenta
1235 3250 1305 3313 eins
1335 3253 1446 3333 varia,
1480 3272 1564 3338 quae
1591 3251 1685 3316 lineis
1706 3251 1809 3314 cincta
1830 3263 1926 3336 utque
1950 3267 2022 3312 cum
2042 3247 2282 3315 characteribus

446 3367 526 3449 suis,
550 3379 619 3432 tum
639 3368 673 3430 in
691 3380 783 3452 parte
806 3366 954 3448 aduersa,
973 3379 1040 3431 tum
1062 3387 1177 3432 auersa
1193 3367 1384 3453 conspicuis,
1408 3382 1555 3433 ammata
1576 3367 1660 3434 Tab.
1677 3367 1738 3432 lIl.
1760 3366 1845 3431 infra
1865 3368 2027 3454 descripta
2042 3382 2130 3450 sunt,
2144 3382 2280 3455 vaeque

445 3485 480 3546 in
500 3496 593 3568 parte
614 3485 699 3547 inter
721 3505 757 3548 se
778 3496 970 3568 congruunt.
1013 3480 1218 3566 Notandum,
1249 3485 1487 3571 perspicuitatis
1516 3506 1614 3551 causa
1632 3500 1757 3573 purtem
1782 3488 1895 3572 papyri
1918 3489 2017 3550 nostri
2040 3485 2209 3554 aduertam
2231 3483 2283 3548 bic

448 3597 559 3668 ordine
584 3602 745 3665 contrario
769 3600 959 3684 descriptam
982 3621 1054 3668 erse
1076 3604 1109 3665 in
1130 3599 1248 3687 lapide.
1291 3601 1376 3667 Hinc
1398 3603 1426 3666 si
1449 3599 1502 3665 vel
1523 3623 1623 3668 vuum
1647 3606 1863 3691 fragmentum
1885 3601 1948 3667 alio
1969 3601 2041 3666 loco
2065 3618 2220 3688 poneres:
2242 3623 2281 3666 eo

448 3731 506 3782 aut
528 3719 630 3803 partis
652 3717 808 3782 aduersae
832 3729 954 3800 textus,
977 3719 1127 3784 nimirum
1151 3719 1308 3805 quadrata
1329 3717 1387 3783 illa
1409 3723 1640 3796 astronomiam
1671 3734 1727 3785 aut
1747 3723 1848 3806 partis
1872 3740 2008 3785 auersae
2030 3722 2213 3805 inscriptio,
2235 3721 2283 3784 ni-

449 3836 566 3899 mirum
588 3855 703 3899 versus
721 3834 967 3924 hieroglyphici‚
990 3835 1192 3902 soluerentur
1214 3849 1248 3902 at
1267 3836 1484 3902 turbarentur.
1527 3837 1641 3924 Itaque
1659 3835 1797 3926 singulis
1816 3839 2006 3924 fragmentis
2027 3859 2098 3902 cum
2120 3835 2282 3926 quadratis

452 3952 519 4014 suis
542 3953 765 4016 astronomicis
792 3953 906 4018 eadem
934 3954 1117 4040 fragmenta
1145 3973 1216 4020 cum
1242 3954 1345 4019 literis
1374 3955 1442 4018 suis
1467 3951 1717 4042 hieroglyphicis
1743 3951 1923 4038 subscripta
1947 3955 2144 4042 respondent
2163 3952 2284 4020 ambitu

452 4091 511 4136 suo
533 4082 566 4133 et
586 4069 671 4133 serie
693 4089 857 4133 versuum.
899 4068 990 4135 Nibil
1012 4072 1114 4136 dicam
1145 4074 1186 4138 de
1208 4071 1364 4137 fibrarum
1386 4071 1420 4134 in
1444 4070 1634 4156 fragmentis
1654 4072 1769 4136 iunctis
1789 4074 2017 4157 congruentia,
2045 4072 2084 4137 de
2105 4095 2171 4160 qua
2190 4093 2290 4158 prae-

451 4197 541 4250 senta
562 4207 686 4271 papyro
707 4186 841 4250 iudicari
863 4198 979 4271 potest.
1022 4189 1123 4253 Porro
1145 4212 1186 4256 ne
1209 4191 1270 4256 boc
1285 4189 1415 4276 quidem
1435 4202 1523 4254 recte
1537 4209 1573 4254 se
1595 4187 1741 4270 baberet,
1760 4190 1846 4252 inter
1865 4189 1940 4256 bina
1957 4191 2133 4278 fragmenta
2151 4189 2290 4273 longius

451 4299 634 4384 breuiusua,
657 4325 752 4388 quam
773 4324 835 4390 ego
856 4303 938 4382 feci,
967 4305 1105 4388 spatium
1129 4329 1263 4392 ponera.
1306 4307 1391 4374 Nam
1415 4307 1491 4371 datu
1514 4319 1564 4372 est
1585 4319 1654 4371 tum
1675 4307 1772 4370 triuru
1794 4303 1945 4372 foliorum
1966 4305 2145 4393 longitudo,
2178 4317 2214 4368 vt
2236 4327 2291 4372 ex

450 4420 605 4484 iuncturis
627 4420 667 4483 ad
687 4419 751 4485 No'.
766 4429 798 4503 2,
814 4425 835 4486 9
854 4434 887 4484 et
902 4423 959 4502 15,
988 4419 1117 4488 lineolis
1139 4423 1304 4509 parallelis
1332 4423 1540 4510 significatis,
1568 4425 1791 4510 cognoscitur,
1822 4435 1889 4488 tum
1910 4425 2040 4488 duarum
2061 4422 2291 4491 columnarum

454 4537 643 4619 scriptarum
662 4534 841 4622 longitudo,
862 4550 899 4602 vt
920 4559 1072 4622 versuum
1095 4544 1244 4612 extensio
1267 4547 1390 4606 21-11
1417 4557 1451 4606 et
1471 4542 1700 4607 10-4docet.
1744 4539 1895 4606 Ceterum
1916 4540 2026 4623 clarat,
2050 4541 2207 4628 quadrata
2228 4541 2292 4608 illa

344 4749 347 4754 Ι
456 4651 669 4716 astronomica
697 4673 824 4738 quoqne
845 4657 929 4720 inter
958 4678 995 4722 se
1023 4660 1206 4724 conuenire.
1251 4656 1335 4722 Nam
1359 4657 1477 4724 tuille
1505 4657 1660 4744 quadrata
1682 4659 1789 4725 Partis
1810 4660 1869 4726 [V.
1892 4657 1934 4722 l).
1955 4658 2140 4746 fragmento
2157 4660 2293 4747 quidem

454 4770 583 4859 iptegro
605 4768 826 4848 continentur,
861 4791 906 4836 ex
929 4774 1045 4860 quibus
1065 4773 1190 4863 reliqua
1217 4774 1418 4841 diiudicanda
1444 4790 1530 4841 snut.
1572 4773 1712 4863 Triplex
1734 4791 1784 4842 ert
1805 4777 1954 4842 nimirum
1974 4777 2010 4842 in
2032 4794 2152 4864 papyro
2176 4792 2293 4844 nostro

454 4883 586 4948 zodiaci
608 4882 757 4968 repetitio
778 4883 836 4969 (n.
853 4885 894 4950 Ε.
909 4886 972 4972 R).
1015 4891 1085 4957 lam
1110 4894 1257 4980 quamuis
1282 4891 1452 4958 dolendum
1474 4894 1536 4974 sit,
1559 4897 1751 4978 grauissimo
1774 4894 1835 4960 hoc
1854 4897 1889 4960 iu
1911 4917 2035 4983 papyro
2053 4896 2166 4960 dmsse
2186 4899 2294 4982 perti-

456 4999 546 5065 culas
568 4999 754 5075 nonnullam
776 4998 933 5067 hebernus
955 5017 1062 5072 tumen
1078 5009 1150 5074 fera
1169 5012 1331 5095 integrum
1345 5023 1587 5076 monumentum
1610 5015 1859 5108 astronomicum
1882 5035 2011 5079 nouum.
2055 5011 2140 5079 Num
2163 5017 2294 5100 integra

522 5299 552 5361 2)
572 5293 666 5358 Quum
677 5295 861 5343 monumenta
876 5289 973 5342 Mnael
988 5290 1177 5372 Tanrtneneis
1192 5253 1367 5364 aegyptiaca
1384 5293 1509 5350 nondum
1529 5298 1623 5351 omnia
1635 5300 1666 5351 ln
1683 5299 1791 5352 iustum
1805 5297 1937 5354 ordinem
1949 5308 2009 5354 tum
2025 5302 2159 5370 temporis
2171 5299 2298 5359 redacta

454 5383 572 5444 fuerim,
591 5389 728 5434 uumerus
746 5371 834 5429 buius
851 5375 952 5445 papyri
963 5373 1085 5430 iudicari
1097 5377 1205 5446 nequit.
1242 5379 1326 5434 Meae
1340 5393 1410 5435 reru
1427 5380 1623 5437 Bibliothecae
1635 5379 1828 5455 Aegyptiacae
1851 5388 1992 5444 reuectus
2008 5392 2053 5442 eat
2066 5385 2126 5442 MS.
2140 5385 2195 5443 Nn.
2209 5387 2298 5446 9²88.
