4830 6102
864 531 1235 622 -1375—

133 715 394 805 hisroglyphioes
416 716 641 798 mtsonomico,
664 718 934 804 quamadmodum
953 720 1088 810 reliqua.
1117 721 1207 800 Quas
1227 723 1355 808 quidem
1371 721 1413 788 ob
1429 743 1543 788 causas
1558 743 1745 809 persnassas
1763 683 1842 790 rhihi
1858 723 1974 808 habeo,

133 842 161 904 si
181 850 231 902 est
253 833 355 900 clanis
382 835 559 918 scripturae
582 834 814 921 Aegyptiorum
839 839 1122 927 hieroglyphicas,
1151 839 1359 926 astrologiam
1382 861 1453 904 esso
1476 842 1546 904 eius
1567 840 1692 906 clauass
1720 843 1753 908 in
1775 844 1974 911 uniuersum.

132 957 242 1024 l‘risuo
264 953 350 1022 enim
372 948 493 1016 clarum
519 965 579 1030 est,
602 953 685 1022 hssc
707 958 899 1023 sententiam
922 960 1162 1026 accuratissime
1182 959 1363 1022 consentire
1384 979 1456 1023 oum
1477 970 1621 1024 veterum
1648 959 1851 1024 testimoniis.
1891 957 1973 1026 Tra·

134 1075 212 1138 dunt
237 1073 342 1152 enim,
371 1065 615 1156 hieroglyphica
639 1093 710 1138 esse
733 1072 865 1140 deorum
889 1078 1064 1164 imagines,
1093 1090 1130 1143 vt
1151 1076 1356 1158 Herodotus,
1380 1089 1477 1164 atqua
1497 1073 1655 1158 symbola.
1697 1074 1846 1146 Tradunt
1864 1099 1974 1166 porro,

134 1189 263 1256 casdem
284 1186 410 1276 ligures
432 1210 496 1254 non
522 1211 594 1256 esse
617 1188 741 1273 lite'ras,
764 1193 822 1258 sed
845 1192 992 1279 symbola
1013 1213 1166 1260 sonorum
1188 1194 1344 1259 orationis
1365 1191 1536 1258 humanae.
1580 1191 1727 1260 Tradunt
1749 1194 1883 1276 deinde,
1905 1216 1974 1260 om·

133 1306 247 1390 uibus,
277 1319 435 1395 quotquot
456 1307 540 1386 sint,
571 1299 687 1394 figuris
709 1307 960 1398 hieroglyphiois
982 1315 1110 1378 nonnisi
1138 1317 1179 1379 25
1202 1333 1300 1377 sonos
1322 1291 1483 1396 exprimi,
1511 1312 1629 1398 qnippe
1648 1313 1904 1398 antiquissimum
1927 1311 1975 1377 al·

133 1424 310 1513 pbabetum
330 1445 401 1488 cnm
419 1423 520 1488 tribus
541 1421 644 1489 literis
664 1429 768 1492 nouis.
807 1426 956 1494 Tradunt
978 1429 1126 1518 deniqne,
1151 1451 1216 1495 non
1234 1429 1336 1495 solum
1360 1449 1472 1494 omnes
1494 1428 1576 1494 olins
1589 1450 1653 1512 res,
1677 1431 1734 1494 sed
1755 1431 1853 1494 etiam
1874 1449 1974 1495 sonos

132 1546 222 1609 vocis
254 1541 433 1622 humanae,
479 1542 555 1627 quin
585 1543 674 1628 ipsas
702 1543 832 1609 vocales
862 1558 896 1610 et
926 1560 1140 1614 tonsorantes
1170 1546 1307 1634 singulis
1339 1560 1463 1634 septem
1490 1544 1630 1632 planetis
1659 1547 1836 1638 adscriptas
1863 1545 1972 1611 luisse.

133 1659 261 1728 Deinde
279 1679 359 1726 vern
382 1661 480 1723 etiam
501 1657 581 1724 haec
609 1663 768 1726 sententis
789 1685 848 1748 per
868 1685 903 1728 se
929 1666 1000 1750 ipsa
1021 1664 1118 1730 valde
1141 1665 1392 1731 commendatur.
1435 1663 1520 1728 lliuc
1542 1665 1626 1729 enim
1648 1677 1757 1751 patet,
1780 1665 1971 1752 principium

130 1777 390 1867 hieroglyphicas
413 1775 496 1862 apud
521 1777 702 1862 Aegyptios
725 1791 792 1844 tum
818 1779 915 1846 facile
937 1781 1056 1864 luisse,
1094 1795 1161 1846 tum
1188 1785 1284 1868 genio
1307 1783 1509 1867 Aegyptiuco
1535 1782 1818 1848 accommodatum.
1862 1778 1972 1858 Quum

130 1921 212 1966 vero
233 1917 291 1984 per
314 1908 416 1960 totam
432 1892 617 1982 Aegyptum
639 1897 813 1982 constaret,
837 1919 920 1986 quae
941 1897 1038 1982 idola,
1056 1921 1137 1986 quae
1159 1899 1323 1980 animalia,
1339 1896 1545 1984 vegetabilis,
1569 1900 1737 1983 artelacta,
1758 1904 1973 1967 iustrumenta

130 2031 164 2083 et
190 2034 356 2101 corporum
378 2026 489 2098 partes
508 2011 644 2097 siugulis
665 2013 844 2103 quibusque
868 2015 929 2079 diis
944 1995 997 2081 rel
1019 2015 1158 2104 planetis
1178 2017 1403 2108 conuenirent3
1426 2039 1586 2104 quumque
1609 2020 1738 2099 scirent,
1752 2039 1834 2104 quae
1856 2017 1971 2084 literae

123 2139 246 2222 cuique
269 2133 392 2197 numiui
419 2131 570 2217 propriae
594 2145 722 2198 essent:
751 2132 937 2199 facillimum
959 2146 1028 2197 erat
1050 2136 1164 2220 peritis
1185 2157 1249 2198 uon
1271 2132 1375 2200 solum
1398 2133 1636 2216 scrihereased
1661 2137 1758 2200 etiam
1780 2137 1917 2200 recitare
1939 2149 1972 2200 st

130 2251 312 2338 intelligere
332 2251 453 2334 scripta
473 2245 726 2336 hieroglyphice.
768 2250 841 2317 Hoc
861 2273 960 2318 vnum
982 2251 1116 2316 ollandit
1138 2273 1228 2330 sane,
1248 2250 1372 2338 figuras
1393 2249 1649 2338 hieroglyphicas
1669 2249 1813 2338 singulas
1833 2227 1971 2339 quatuor

132 2393 228 2440 mnus
252 2363 464 2456 significasse.
511 2365 582 2432 Etsi
603 2366 772 2454 probabile
792 2373 854 2454 sit,
885 2370 1066 2458 Aegyptios
1088 2369 1161 2434 aliis
1182 2368 1298 2433 mediis
1319 2367 1472 2434 adhibitis
1493 2368 1576 2434 hanc
1606 2368 1703 2433 talam
1727 2366 1972 2454 ambiguitatem

131 2488 315 2570 sustulisse,
337 2483 554 2552 confitendum
578 2498 703 2568 tamen,
727 2486 810 2554 hauc
833 2510 902 2553 rem
926 2486 1031 2552 adhuc
1053 2488 1221 2554 obscuram
1247 2507 1328 2552 esse.
1373 2485 1485 2549 l'uisse
1509 2498 1615 2548 autem
1639 2483 1881 2571 hieroglyphice
1903 2504 1970 2547 aru·

129 2608 239 2695 bigne,
260 2607 372 2692 negari
394 2605 516 2690 nequit.
561 2600 696 2686 Dicam,
727 2605 814 2693 quod
834 2607 950 2670 sentio.
994 2602 1101 2682 Quum
1126 2603 1369 2693 hieroglyphice
1392 2604 1570 2688 composita
1591 2603 1661 2664 siue
1684 2600 1895 2686 symphoniae
1916 2615 1970 2663 so·

130 2729 270 2792 curatius
288 2723 519 2809 inspiciuntur,
542 2734 689 2807 apparet,
705 2733 772 2787 tum
794 2743 834 2786 ea
856 2721 925 2785 lare
943 2724 1052 2786 omnia
1072 2742 1143 2785 esse
1164 2719 1306 2801 vocales,
1330 2736 1397 2784 tum
1414 2740 1493 2782 vero
1516 2719 1557 2780 lis
1578 2716 1727 2782 omuibus
1748 2718 1875 2782 adiecta
1896 2737 1968 2780 esse

128 2841 272 2930 symbola
292 2839 465 2914 Mercurii,
491 2837 592 2903 veluti
622 2837 876 2916 semicirculum,
900 2839 1092 2920 caduceum,
1119 2835 1283 2902 lineolam.
1327 2837 1380 2900 Ex
1404 2857 1467 2922 quo
1490 2837 1587 2921 sequi
1602 2835 1747 2918 videtur,
1777 2834 1967 2920 Aegyptios,

129 2963 224 3052 quuui
246 2955 524 3043 hieroglyphicum
554 2953 682 3044 aliquod
713 2955 857 3023 vocalem
885 2953 1102 3048 significaret,
1134 2955 1219 3042 quod
1247 2975 1320 3020 raro
1345 2953 1479 3035 accidit,
1511 2955 1541 3016 ei
1569 2949 1694 3038 figurem
1724 2949 1810 3016 aliud
1839 2954 1967 3038 signum

128 3078 338 3151 discriticum,
362 3072 547 3160 plerumque
569 3073 802 3141 semicirculum
835 3077 878 3157 ἕ,
904 3074 1122 3160 adscripsisse.
1163 3073 1248 3140 Sane
1279 3073 1302 3155 ii
1332 3070 1473 3159 praefuit
1493 3071 1580 3134 sonis
1602 3067 1780 3152 vocalibus,
1802 3082 1839 3133 ut
1860 3089 1905 3133 ex
1927 3087 1966 3132 eo

126 3207 231 3286 patet,
255 3188 338 3278 qnod
363 3201 385 3276 tt
414 3206 568 3278 patronus
588 3195 730 3257 omnium
754 3195 897 3258 oscinum
918 3191 1020 3257 valuit
1042 3193 1088 3277 (p.
1104 3193 1185 3278 (id).
1222 3190 1294 3266 Hac
1316 3189 1443 3277 quidem
1464 3191 1588 3277 ratione
1609 3189 1786 3251 maximam
1808 3187 1871 3250 iam
1896 3182 1967 3250 tolli

126 3310 381 3400 ambiguitatem,
400 3311 479 3375 satis
502 3313 704 3396 perspicitur.
751 3309 904 3375 Ceterum
926 3333 967 3374 ne
988 3309 1051 3374 hoc
1078 3310 1207 3397 quidem
1228 3305 1459 3396 improbabile,
1484 3305 1664 3390 Aegyptios
1689 3325 1752 3370 non
1765 3303 1879 3382 ,solum
1900 3304 1967 3388 pri·

124 3453 212 3499 maru
233 3428 398 3494 literarum
420 3425 567 3510 classem,
592 3427 647 3492 sad
671 3428 767 3493 etiam
792 3443 859 3492 tres
882 3427 1023 3516 reliquas
1043 3427 1140 3493 simili
1162 3427 1258 3492 modo
1281 3426 1482 3492 distinxisse.
1529 3421 1707 3507 Nimimm,
1730 3444 1845 3511 quum,
1867 3423 1967 3485 missa

125 3553 230 3638 prima
251 3546 346 3611 litera
367 3547 497 3634 inepta,
518 3550 561 3608 24
576 3543 691 3610 literae
707 3549 917 3612 conuenirent
932 3569 1003 3610 cum
1021 3551 1063 3608 2⁴
1079 3545 1169 3608 horis
1185 3543 1379 3610 coelestibus
1400 3545 1434 3607 in
1449 3541 1567 3607 circulo
1582 3543 1764 3627 sequuturis
1780 3538 1966 3622 descriptist

124 3687 240 3754 reapse
265 3665 395 3730 totidem
418 3662 585 3727 literarum
607 3661 727 3728 classes
751 3679 857 3746 erant,
890 3678 967 3751 quot
989 3648 1183 3749 quadrantes
1204 3663 1237 3726 in
1261 3657 1378 3724 circulo
1399 3658 1541 3723 coelesti.
1586 3654 1865 3730 Quemadmodum
1885 3671 1965 3716 vero

124 3786 259 3875 qnaeuis
286 3783 448 3869 quadrans
471 3802 563 3845 suum
588 3779 793 3867 explanatis
815 3781 978 3846 dominum
1000 3778 1132 3862 habuit,
1167 3782 1214 3858 ita
1240 3792 1273 3842 ct
1296 3782 1409 3864 cuique
1432 3786 1569 3861 quatuor
1588 3771 1755 3836 literarum
1778 3769 1873 3836 classi
1894 3766 1964 3856 plu·

123 3917 199 3970 neta
224 3900 340 3990 aliquis
361 3921 511 3985 praeesse
532 3898 638 3986 potuit
668 3920 705 3962 ac
733 3897 854 3964 debuit.
898 3897 1020 3963 Saltem
1050 3899 1174 3984 pdmse
1204 3894 1391 3982 quadrantis
1419 3889 1569 3954 coelestis
1589 3888 1665 3953 inde
1688 3912 1708 3954 a
1732 3903 1772 3963 Υ
1796 3887 1962 3977 usquead

124 4031 165 4098 95
194 4019 344 4084 dominus
371 4018 434 4081 fuit
474 4017 519 4098 ἕ,
554 4021 678 4105 primae
700 4040 778 4083 uero
802 4016 968 4082 literarum
991 4014 1120 4095 classis,
1159 4011 1280 4078 scilicet
1307 4006 1485 4084 vocalium,
1526 4007 1674 4072 dominus
1696 4007 1782 4072 idem
1809 4008 1833 4087 ἕ
1862 4005 1964 4070 luisse

123 4140 264 4204 videtur.
308 4131 372 4211 Qui
402 4157 483 4199 vero
503 4138 622 4225 scripta
643 4135 799 4200 hieratica
820 4135 983 4218 adierint,
996 4131 1168 4213 videbunt,
1191 4127 1238 4193 ibi
1257 4129 1351 4214 signa
1373 4125 1554 4208 discritioa,
1580 4148 1663 4213 quae
1686 4127 1829 4191 diximus
1849 4121 1963 4210 (liudi-

121 4267 233 4322 menta
252 4251 521 4342 Hieroglyphices
542 4276 574 4341 p.
590 4255 677 4340 hb),
714 4233 817 4318 multo
839 4251 1058 4341 frequentiora
1081 4269 1173 4330 esse3
1210 4267 1306 4333 quam
1327 4247 1361 4310 iu
1384 4243 1645 4331 hieroglyphicis.
1688 4245 1862 4309 Praeterea
1882 4240 1963 4305 leaeo

122 4374 316 4462 grauissima
334 4385 419 4437 sunt.
463 4368 571 4448 Quum
594 4375 680 4436 enim
705 4373 770 4435 iam
792 4358 936 4452 constet,
972 4372 1090 4455 partim
1117 4385 1276 4454 quaenam
1298 4385 1352 4428 ses
1381 4361 1518 4449 singulis
1538 4361 1678 4447 planetis
1700 4381 1811 4427 sacrae
1829 4360 1961 4441 inerint,

118 4493 240 4582 partim
265 4511 347 4578 quos
376 4512 475 4555 sonos
504 4489 632 4576 singula
658 4487 919 4575 hieroglyphice,
956 4487 1073 4573 quippe
1100 4484 1302 4572 planetarum
1325 4481 1378 4547 vel
1402 4481 1533 4546 deorum
1556 4477 1721 4564 symbola,
1755 4480 1960 4565 exprimant3

82 4627 88 4636 ·
119 4611 228 4678 omnis
249 4609 438 4695 scriptorum
461 4608 732 4696 Aegyptiacorum
755 4605 931 4694 explicatio
953 4625 1037 4670 nuno
1058 4601 1189 4670 facilius
1206 4599 1364 4668 succedet.

206 4759 281 4826 Hoc
303 4779 399 4824 vnum
421 4758 538 4821 addere
559 4755 652 4833 licet,
676 4777 739 4822 non
761 4756 865 4820 solum
887 4755 970 4858 apud
993 4755 1189 4842 Aegyptios,
1214 4748 1271 4815 sed
1294 4750 1394 4812 etiam
1415 4747 1500 4833 apud
1524 4745 1725 4830 Chaldaeos,
1749 4745 1803 4811 vel
1822 4743 1959 4811 Phoeni-

115 4901 193 4960 ces,
225 4875 278 4942 rel
306 4875 475 4942 Hebraeos
499 4870 643 4962 singulas
671 4871 784 4940 literas
807 4874 943 4962 singulis
969 4871 1107 4959 planetis
1128 4869 1305 4956 adscriptas
1328 4865 1438 4930 luisse.
1486 4863 1642 4930 Ordinem
1665 4863 1835 4932 habuimus
1856 4861 1958 4928 hunc:

162 5061 187 5112 ss
267 5057 675 5112 assuit
757 5059 780 5110 ιι
870 5036 1912 5123 essentessapiun

112 5131 1959 5232 (uutsootststwttrtsorestetsetocso)

205 5308 274 5375 lam
302 5329 373 5374 cnm
395 5305 510 5395 liguris
536 5307 703 5376 literarum
725 5309 959 5377 Hebruioarnm
983 5270 1215 5393 antiquissimis
1236 5321 1409 5390 curamque
1430 5297 1613 5366 nominibus
1633 5299 1827 5365 conueniant
1847 5293 1954 5360 hiero·
