4896 6096
1153 527 1521 610 -142-

1292 809 1304 832 .
1349 741 1415 834 10.

871 897 1139 982 Animalium
1166 745 1496 1006 quadrupedum
1523 893 1800 1005 significatus.

507 1105 615 1184 Quum
643 1104 677 1166 iu
701 1094 921 1184 superioribus
943 1093 1069 1156 dictum·
1082 1093 1125 1156 sit
1152 1089 1193 1154 de
1214 1087 1368 1173 symbolis
1389 1090 1555 1153 numinum
1578 1090 1864 1153 astronomicorum
1886 1085 2083 1172 phoneticis,
2106 1091 2261 1155 nimirum

427 1232 467 1296 de
495 1225 594 1292 variis
616 1219 761 1284 Deorum
782 1213 990 1298 Danaumque
1011 1207 1193 1273 nominibus
1211 1229 1295 1271 nunc
1315 1205 1357 1269 ad
1377 1204 1542 1292 planetas,
1574 1227 1657 1270 nunc
1675 1205 1715 1268 ad
1736 1205 1910 1269 zodiacum
1932 1203 2170 1288 spectantibus,
2203 1227 2262 1272 nee

427 1366 491 1410 non
514 1339 553 1405 de
576 1335 771 1414 simulacris,
797 1327 915 1416 quibus
937 1328 1069 1392 numina
1089 1325 1287 1412 Aegyptiaoa
1310 1321 1519 1409 effinguntur;
1542 1337 1689 1410 superest
1711 1321 1822 1386 videre
1846 1321 1885 1384 da
1907 1323 1991 1385 riuis
2014 1320 2158 1387 Deorum
2179 1325 2263 1386 ima·

427 1459 566 1551 giuibus‚
587 1471 703 1537 nempe
724 1448 764 1512 de
786 1443 991 1519 animalibus,
1012 1441 1249 1530 vegetabilibus
1271 1441 1405 1526 aliisque
1426 1439 1542 1522 rebus,
1564 1439 1680 1526 quibus
1700 1451 1765 1503 turn
1789 1436 1951 1524 planetae,
1964 1427 2044 1502 'oum
2064 1441 2173 1502 variae
2194 1437 2261 1503 ΖΟ.

427 1579 511 1644 'diaci
532 1584 641 1659 partos
664 1568 933 1652 exprimerentur.
977 1557 1051 1636 Qua
1073 1560 1200 1647 quidem
1222 1562 1256 1624 in
1282 1558 1502 1646 disquisitione
1525 1555 1627 1623 tribus
1646 1557 1847 1642 potissimum
1869 1553 2005 1619 auxilii,
2026 1551 2259 1620 ,ffiuuaffimug

428 1698 536 1763 Primo
561 1688 646 1752 enim
672 1696 799 1748 veteres
827 1683 889 1766 ipsi
919 1677 1078 1760 indicant,
1116 1676 1232 1763 quibus
1252 1675 1392 1762 planetis
1412 1687 1500 1739 certa
1522 1672 1690 1752 animalia,
1717 1670 1914 1759 vegetabilis
1941 1671 2088 1758 aliaeque
2116 1693 2168 1736 res
2195 1675 2260 1736 sint

429 1817 623 1880 consecrata,
649 1811 705 1864 aut
726 1796 841 1884 quibus
863 1793 977 1859 saltem
1002 1793 1074 1856 diis.
1117 1791 1147 1858 A
1173 1791 1233 1856 diis
1256 1814 1344 1869 vero,
1363 1813 1500 1882 quorum
1518 1791 1633 1856 relatio
1656 1788 1697 1853 ad
1718 1788 1866 1874 planetas
1887 1793 2018 1877 cognita
2038 1791 2111 1867 fnit,
2132 1788 2171 1852 ad
2192 1787 2262 1874 pla-

432 1943 525 1995 netas
545 1916 733 1987 concludere
755 1903 862 1977 licet.⁸
883 1909 1029 1988 Deinde,
1051 1929 1148 1996 quum
1171 1929 1282 1973 omnes
1303 1929 1341 1974 ac
1369 1907 1517 1996 singulae
1542 1929 1594 1972 res
1617 1905 1782 1973 naturales
1804 1928 1823 1971 a
1846 1907 1984 1994 planetis
2003 1909 2169 1995 proiectae
2186 1929 2263 1972 ¹cros.

433 2046 594 2114 derantur,
624 2034 742 2120 quippe
762 2031 819 2102 iis,
850 2046 983 2112 quorum
1005 2025 1119 2091 similis
1142 2039 1228 2091 esset
1245 2029 1346 2102 ratio;
1377 2047 1607 2112 saepenumero
1630 2047 1674 2090 ex
1695 2024 1803 2090 indole
1826 2038 1859 2089 et
1879 2037 1992 2090 natura
2020 2025 2210 2089 animalium
2233 2037 2264 2088 ,t

433 2150 665 2244 vegetabilium
683 2143 822 2229 intelligi
842 2144 971 2228 poterit,
990 2151 1144 2229 quosnam
1167 2143 1208 2207 ad
1225 2145 1372 2232 planetas
1391 2143 1448 2208 illa
1467 2156 1623 2229 spectent.
1666 2143 1827 2230 Denique,
1846 2163 1943 2228 quum
1962 2163 2015 2208 res
2028 2126 2264 2228 Aegyptiorum

435 2293 546 2340 ’ΨΜ
574 2263 720 2352 'lmlmh
742 2261 944 2349 Pl⁰¹¹⁰t³¹¹¹¹¹¹
973 2275 1006 2326 ⁰¹
1033 2285 1201 2344 μ’μημαΐα
1232 2267 1318 2326 θεων
1346 2260 1479 2350 (Porph.
1495 2261 1620 2326 Abstiu.
1632 2259 1697 2325 iv.
1710 2283 1745 2346 p.
1758 2262 1847 2344 372.)
1865 2257 2014 2324 valerent
2040 2269 2135 2343 atque
2163 2259 2205 2321 iis
2232 2258 2266 2319 iu

433 2391 514 2458 locis
534 2382 740 2462 haberentur,
765 2401 847 2466 qnae
868 2381 964 2442 certis
985 2377 1115 2442 Zodiaci
1136 2375 1281 2466 partibus
1302 2375 1549 2463 responderent;
1578 2399 1810 2464 saepenumero
1835 2399 1880 2440 ex
1901 2378 2007 2461 patria
2027 2395 2136 2440 rerum
2159 2395 2266 2437 sacra.

435 2528 506 2573 rum
530 2500 738 2586 intelligitur,
762 2495 953 2583 quibusnam
977 2492 1115 2579 planetis
1143 2496 1336 2559 conueniant
1358 2493 1496 2580 singula.
1520 2493 1692 2560 *Ceterum
1714 2513 1923 2597 praemoneqe
1943 2491 2040 2573 licet,
2062 2495 2095 2555 in
2119 2488 2266 2555 animali·

435 2625 496 2690 bus
521 2617 622 2684 sacris
645 2611 833 2676 definiendis
855 2611 1098 2676 discernendum
1124 2631 1194 2674 esse
1224 2613 1308 2675 inter
1328 2609 1506 2678 masculina
1531 2624 1564 2676 et
1591 2614 1757 2678 feminina.
1800 2609 1854 2674 Sic
1875 2623 1965 2674 catus
1988 2607 2075 2674 aliud
2095 2607 2264 2695 significat,

435 2759 530 2828 quam
549 2731 634 2800 ielis.

1077 2896 1104 2969 l.
1136 2895 1392 2995 Qtwdropedo
1418 2896 1617 2970 metantis.

525 3064 627 3150 Aper,
648 3083 793 3145 συαγρος,
814 3084 942 3144 scapos,
962 3079 1040 3166 pap,
1065 3075 1093 3145 t,
1121 3060 1311 3143 symbolam.
1354 3065 1444 3150 Aper
1461 3067 1546 3128 enirn
1561 3085 1680 3150 genere
1701 3084 1764 3129 non
1781 3060 1889 3128 differt
1908 3084 1928 3127 a
1948 3081 2015 3136 sue,
2035 3075 2127 3146 quem
2146 3051 2267 3116 (litorio

442 3199 580 3259 veteres,
602 3189 637 3241 vt
659 3175 743 3239 infra
765 3176 953 3256 videbimus,
978 3178 1002 3242 b
1032 3173 1228 3242 adscribunt.
1270 3178 1442 3245 Praeterea
1465 3203 1543 3267 aper
1566 3181 1608 3244 ad
1630 3179 1780 3245 animalia
1799 3183 1902 3244 noxia
1920 3180 2070 3264 pertinet,
2093 3173 2213 3259 quippe
2235 3170 2264 3234 b

441 3296 581 3386 propria.
624 3290 716 3356 Adde
735 3291 841 3356 locum
860 3293 1071 3358 clarissimum
1093 3292 1250 3358 Macrobii
1270 3295 1350 3377 (Sat.
1365 3295 1391 3361 l.
1407 3319 1435 3361 c.
1451 3297 1530 3382 21.)
1573 3295 1717 3378 Adonin,
1737 3297 1851 3382 inquit,
1874 3291 1982 3358 Solem
2000 3309 2070 3356 erre
2091 3309 2158 3353 non
2180 3285 2269 3351 dubi·

442 3423 547 3481 tatur.
589 3405 640 3471 Ab
662 3428 744 3492 apro
768 3416 874 3472 autem
900 3408 943 3494 (i)
971 3405 1146 3494 Typhone)
1168 3409 1308 3472 tradunt
1326 3415 1531 3476 interemtum
1552 3410 1686 3480 Adonin
1706 3412 1786 3499 (Θ),
1808 3414 1929 3494 ayma
1950 3409 2001 3496 (36
2033 3422 2066 3474 et
2084 3419 2135 3488 stt,
2163 3403 2270 3475 bdo-

445 3527 649 3614 mioiliorum)
681 3528 854 3608 imaginem
883 3529 919 3587 t'a
945 3523 1005 3588 ltoo
1029 3524 1363 3609 nainub'fiagenter.
1406 3525 1493 3592 Hinc
1515 3530 1548 3592 in
1569 3525 2039 3595 zodiaco-Persico·llomano
2067 3522 2180 3610 (Seel's
2199 3519 2270 3604 My·

445 3651 533 3716 thras
554 3643 778 3712 Geheimnissa
799 3638 883 3706 Tab.
900 3641 1014 3724 xlx.)
1039 3637 1066 3708 ἲ)
1093 3641 1239 3706 dominus
1266 3648 1295 3723 ἦ
1328 3665 1407 3728 apro
1438 3648 1643 3730 exprimitur.
1686 3645 1840 3712 Ceterum
1862 3645 1986 3712 Adonis
2014 3647 2086 3728 ipso
2108 3643 2187 3705 deus
2208 3642 2270 3705 Aa·

444 3769 584 3856 gyptius,
609 3763 679 3826 siue
699 3770 794 3822 natus
815 3761 848 3821 in
868 3757 1018 3846 Aegypto
1038 3758 1152 3822 dicitnr
1172 3757 1307 3842 sssaoius
1323 3757 1447 3844 Trea).
1484 3757 1600 3828 Tradit
1620 3763 1749 3850 quidem
1765 3764 1921 3829 Firminus
1937 3757 2116 3842 (crosna.
2127 3781 2159 3844 p.
2171 3760 2270 3837 aba)

446 3904 517 3948 esse
539 3879 696 3958 Martem,
728 3877 782 3961 qui
805 3876 942 3942 formam
972 3878 1042 3962 apri
1064 3873 1216 3953 subierit3
1252 3888 1285 3939 at
1312 3877 1478 3942 confundit
1498 3877 1584 3943 haud
1612 3875 2270 3964 dnhiaMartemTyphorrianp.123.)

446 4021 518 4066 cnm
539 3997 678 4062 Saturno
705 3995 808 4094 ipso.¹
830 3990 979 4078 Denique
1008 3989 1166 4078 Typhon,
1189 4013 1302 4079 aprum
1323 4009 1526 4079 persecatus,
1552 4017 1669 4084 corpus
1690 3995 1829 4063 Osiridis
1851 3997 1977 4062 inuenit
1997 3993 2271 4080 (Proclama).

448 4115 582 4180 Constat
603 4125 723 4191 antem,
749 4105 900 4173 anirualia
921 4128 1033 4172 eorum
1055 4107 1187 4172 deorum
1209 4129 1280 4174 essa
1300 4109 1483 4194 simulacra,
1507 4135 1578 4178 enm
1601 4113 1716 4202 quibus
1740 4116 1964 4179 commercium
1987 4109 2117 4176 habent.
2192 4113 2198 4126 ’

530 4229 623 4315 Apis,
643 4242 755 4293 taurus
775 4223 1012 4310 Memphiticus,
1036 4222 1215 4307 symbolum
1241 4230 1282 4304 J,
1304 4228 1344 4293 de
1366 4251 1430 4316 qno
1456 4230 1528 4295 vide
1548 4231 1633 4297 inira
1652 4256 1679 4298 a.
1702 4255 1734 4296 v.
1763 4230 1901 4296 Torret.

532 4347 643 4427 Aries,
666 4347 777 4428 Κριος,
798 4361 917 4447 κριοῦ
938 4337 1163 4436 (aohtttlyii
1184 4341 1375 4428 symbolum,
1400 4353 1459 4412 nea
1479 4369 1545 4412 non
1559 4353 1597 4426 ὅ.
1642 4348 1812 4415 Neminem
1832 4347 1928 4433 fugit,
1948 4345 2078 4410 arietem
2099 4337 2172 4403 loai
2192 4341 2282 4406 Arn-

449 4469 537 4529 moni
562 4461 631 4547 (η)
661 4482 789 4525 sacrum
815 4461 933 4525 luisse:
971 4459 1083 4524 Ionem
1112 4463 1220 4524 arietis
1249 4475 1345 4549 caput
1365 4447 1434 4529 sibi
1448 4468 1657 4552 imposuisse,
1688 4489 1729 4530 ne
1757 4477 1938 4531 cerneretur
1965 4457 2006 4522 ab
2029 4455 2174 4522 Hercula
2196 4463 2284 4542 (Θ);

452 4583 584 4646 arietent
605 4575 730 4642 Thebis
748 4579 793 4662 (in
820 4582 854 4657 η
878 4576 1054 4661 domicilio)
1075 4551 1195 4645 dnltum
1216 4579 1331 4663 fuisse,
1355 4585 1487 4669 eiusque
1512 4583 1640 4670 generis
1662 4581 1743 4661 alia,
1766 4579 1913 4670 equibus
1935 4575 2059 4657 elucet,
2080 4578 2216 4640 arietem
2236 4580 2287 4644 ad

451 4701 583 4774 Iouem,
621 4695 690 4754 siue
718 4701 752 4772 ²l·
781 4692 943 4776 planetam
973 4707 1129 4781 spectare.
1172 4698 1258 4762 Hinc
1287 4710 1320 4762 et
1349 4697 1502 4787 astrologi
1531 4713 1695 4765 texturam
1721 4699 1817 4764 lanae
1851 4705 1886 4776 η
1915 4693 2070 4782 planetae
2095 4693 2292 4761 adscribunt

453 4815 494 4896 (Ι.
510 4817 541 4890 ς.
556 4815 610 4872 48.
626 4795 660 4890 p.
674 4811 725 4872 60.
742 4827 794 4870 no.
809 4809 867 4890 3.).
911 4809 1063 4876 Ceterum
1083 4817 1195 4901 negari
1216 4816 1337 4901 nequit,
1357 4818 1490 4879 arietem
1513 4818 1610 4880 etiam
1626 4818 1654 4894 ὃ
1673 4815 1854 4901 symbolum
1876 4835 1959 4879 esse.
2003 4809 2295 4888 Quemadmodum

454 4930 538 4992 enim
559 4927 630 4989 ouis
653 4918 738 4984 culta
760 4921 820 4984 luit
833 4920 973 5005 ThebiS,
993 4932 1039 4991 ita
1060 4953 1185 5017 qnoque
1200 4931 1256 4996 Sni
1279 4946 1312 4997 et
1334 4931 1487 5013 Athenis,
1513 4946 1549 4997 vt
1561 4931 1729 5002 Mineruae
1751 4935 1821 4996 siue
1841 4930 1941 4996 Neith
1963 4926 2160 5012 symbolum,
2181 4927 2294 4992 habe-

454 5041 550 5108 batur
575 5036 705 5123 (Strabo
719 5037 833 5103 XVII.
850 5061 882 5125 p.
901 5043 973 5104 559.
989 5041 1139 5110 Clemens
1151 5045 1192 5111 A.
1209 5047 1325 5113 Strom.
1342 5071 1374 5134 p.
1390 5052 1469 5128 25.).
1511 5049 1583 5114 Sais
1607 5072 1685 5114 vero
1718 5063 1767 5114 est
1795 5049 1911 5112 domus
1937 5049 1968 5110 a*
1995 5059 2091 5130 atque
2123 5042 2223 5107 Neith
2245 5051 2300 5118 0²t

454 5159 640 5225 femininum
664 5152 839 5238 significat,
864 5171 900 5220 vt
925 5157 1063 5225 vidimus
1085 5161 1132 5246 (p.
1149 5161 1247 5246 tau).
1289 5151 1567 5250 HincAr'ierCr)
1589 5166 1718 5229 domurn
1737 5169 1763 5241 ἃ
1784 5164 1883 5230 valet.
1927 5161 2012 5226 Hinc
2033 5158 2229 5224 etlndorunt
2258 5165 2303 5238 ἃ

457 5278 549 5342 arieti
575 5270 716 5337 insidens
745 5267 947 5354 fingebatur,
984 5289 1020 5338 vt
1048 5279 1072 5357 ῼ
1098 5280 1222 5361 passeri
1248 5277 1410 5365 (Kreuzer
1432 5281 1542 5364 Symb.
1565 5280 1649 5346 Tab.
1664 5281 1827 5360 XXXI.).
1872 5280 1945 5343 Huc
1973 5289 2118 5363 spectant
2149 5273 2308 5345 fabulae
