4896 6096
1156 464 1641 548 --106-Ι

436 683 583 748 dominos
611 687 660 740 est
685 677 850 759 signorum
872 685 1064 744 vernorum,
1090 675 1128 727 rt
1146 662 1297 727 vidimus.
1340 658 1489 744 Denique
1511 670 1545 721 et
1571 654 1838 741 &Harpocrates
1860 652 1922 718 dici
1940 651 2085 732 videtur,
2116 661 2153 714 vt
2174 648 2269 716 docet

435 796 630 866 vocabulum
652 793 897 873 Σιμφοιικραιης
918 767 1250 881 xmn-tpab-pxr
1268 779 1291 841 i.
1305 797 1334 840 e.
1352 773 1511 840 Hercules
1530 773 1732 854 claudicans,
1757 772 1799 836 de
1816 792 1879 860 qno
1902 769 1941 833 ad
1962 765 2042 833 Zeus
2062 768 2268 834 disseremus.

318 916 323 927 '
437 917 491 984 De
518 906 711 998 imaginibus
738 901 947 984 Harpocratis
975 911 1102 963 veteres
1131 896 1348 974 tradiderunt,
1377 913 1451 958 eum
1480 889 1561 978 fingi
1589 912 1672 956 nnnc
1695 888 1863 976 puerulum
1884 884 2066 969 infirmum,
2095 908 2178 952 nunc
2200 884 2270 951 loto

437 1033 639 1106 insidentem,
661 1040 745 1087 nunc
770 1014 906 1102 pedibus
928 1017 1081 1097 vinctum,
1103 1014 1238 1100 digitum
1262 1012 1301 1075 ad
1322 1009 1410 1074 labis
1430 1019 1608 1097 gerentem.
1650 1005 1840 1072 Plutarchus
1862 1005 1921 1090 (ls.
1936 1006 2058 1088 {ibide
2074 1003 2189 1090 Neque
2209 1023 2271 1089 pu·

438 1161 518 1231 tent,
540 1145 648 1212 Solem
664 1134 833 1217 infantem,
856 1153 968 1197 recens
990 1144 1111 1214 natum,
1127 1153 1145 1196 e
1160 1129 1228 1194 loto
1243 1130 1427 1218 exstitisse3
1449 1124 1507 1190 sed
1521 1126 1566 1190 sic
1584 1136 1690 1189 ortum
1704 1122 1782 1188 solie
1803 1125 1948 1210 pingunt.
1991 1122 2072 1186 Item
2096 1119 2272 1202 (laetam

437 1267 510 1332 Etsi
529 1262 748 1346 Harpocrates
768 1254 909 1339 fingatur
929 1247 1066 1313 tenellus
1084 1247 1257 1314 admodum
1273 1249 1307 1310 in
1320 1242 1453 1310 floribus
1475 1257 1508 1306 et
1530 1238 1729 1330 germinibus
1750 1261 1862 1307 recens
1882 1263 1901 1307 e
1922 1255 2009 1306 terra
2027 1235 2270 1326 prodeuntibus,

437 1383 574 1468 ideoque
593 1377 685 1463 pingi
714 1373 818 1438 soleat
843 1365 911 1434 loto
933 1366 1093 1442 insideret
1124 1379 1185 1430 cet.
1228 1364 1318 1430 ldern
1343 1359 1451 1446 (Pytb.
1467 1358 1564 1425 Orac.
1583 1381 1616 1444 p.
1635 1362 1727 1433 400.)
1758 1357 1874 1438 tradit,
1904 1357 2083 1443 Aegyptios
2114 1359 2271 1422 orientem

440 1499 542 1566 solem
564 1496 748 1578 exprimere
768 1490 854 1573 picto
869 1483 1014 1572 puerulo,
1036 1485 1091 1570 qui
1112 1481 1180 1547 loto
1198 1481 1347 1547 insideat.
1387 1475 1460 1554 Quo
1483 1499 1528 1543 ex
1548 1475 1621 1542 loco
1643 1490 1786 1561 apparet,
1801 1475 2036 1560 Harpocratem
2061 1475 2122 1540 dici
2143 1493 2271 1559 quoque

441 1613 568 1682 desole
585 1613 719 1688 oriente,
742 1604 844 1670 veluti
864 1626 882 1668 e
903 1599 1103 1667 semicirculo
1124 1598 1259 1663 hiberno
1281 1596 1469 1684 prodeunte.
1493 1593 1680 1660 Simillimos
1701 1595 1786 1658 enim
1801 1606 1851 1657 est
1863 1590 1898 1662 Θ
1919 1612 2032 1656 recens
2046 1611 2169 1656 munus
2189 1612 2270 1678 qno·

441 1733 573 1798 tidiano.
615 1727 722 1793 Varro
742 1722 832 1808 (Lin.
847 1721 922 1785 Lat.
938 1717 1049 1783 L.lV.
1069 1739 1101 1802 p.
1112 1717 1189 1797 12),
1212 1720 1286 1792 etsi,
1301 1715 1416 1800 inquit,
1431 1709 1662 1798 Harpocrates
1681 1711 1787 1793 digs'to
1809 1691 1988 1793 significet,
2013 1719 2053 1773 ut
2072 1729 2112 1772 eo
2133 1717 2270 1772 taceass.

442 1847 580 1914 Ouidius
601 1841 692 1928 (Met.
705 1840 769 1904 IX.
784 1843 890 1918 691.):
911 1835 1140 1922 Harpocrates,
1162 1835 1279 1918 quippe
1301 1833 1417 1916 premit
1431 1850 1555 1905 vocem,
1577 1828 1741 1915 digitoque
1762 1827 1891 1893 silentia
1911 1827 2037 1892 suadet.
2081 1823 2272 1890 Demetrius

441 1958 796 2047 (Vitlaidapt’hot.
815 1950 1128 2035 cch11.1049.)‚
1148 1950 1252 2014 fertur
1273 1947 1496 2031 (Heraieens),
1518 1947 1638 2032 inquit,
1660 1968 1705 2010 ex
1728 1958 1820 2010 vtero
1847 1946 1959 2009 matris
1981 1942 2149 2028 prodiisse,
2169 1939 2273 2006 indice

442 2081 564 2148 silentii
583 2077 683 2162 digito
704 2071 799 2137 labiis
820 2069 1026 2152 adhaerente,
1050 2066 1209 2156 qnornodo
1231 2079 1265 2130 et
1286 2065 1438 2153 Aegyptii
1458 2061 1655 2146 fabulantur,
1677 2063 1800 2128 Horum
1824 2061 1886 2148 (ll)
1910 2073 2036 2126 etanta
2057 2059 2144 2124 huuc
2165 2057 2274 2123 Solem

442 2195 539 2282 (alpos
560 2218 613 2258 sur
632 2214 692 2276 προ
714 2211 772 2252 roo
792 2185 875 2269 sipon
895 2209 951 2250 τοι
967 2180 1098 2264 Ἥλιον)
1130 2199 1241 2250 natum
1269 2203 1351 2248 esse.
1395 2179 1468 2258 Quo
1492 2180 1562 2246 loco
1586 2178 1793 2248 confirmatur
1817 2178 1869 2257 id,
1899 2177 1983 2263 quod
2008 2177 2151 2242 diximus
2176 2179 2275 2240 etiam

448 2311 471 2382 li
498 2311 732 2395 Harpocratem
753 2304 814 2368 dici
836 2303 968 2388 parique
989 2305 1115 2367 ratione
1139 2301 1257 2388 effingi.
1301 2299 1416 2386 Neque
1437 2297 1500 2367 boc
1523 2301 1658 2380 mirum,
1684 2317 1781 2383 quum
1802 2292 1887 2360 Solis
1908 2296 2041 2359 comites
2068 2291 2090 2360 il
2118 2305 2151 2356 et
2178 2301 2202 2374 ῼ
2230 2295 2274 2356 si·

442 2426 552 2495 milam
572 2423 713 2490 habeant
731 2422 896 2486 interitum
916 2433 950 2482 et
970 2421 1207 2485 restitutionem
1228 2421 1262 2482 in
1283 2415 1425 2482 solstitio
1447 2413 1594 2482 liiberno.
1637 2414 1730 2482 Adde
1750 2413 1858 2479 locum
1878 2410 2100 2498 Horapollinis
2118 2412 2273 2494 (ll.c.3.),

444 2567 507 2633 quo
531 2545 628 2624 dicit,
661 2536 796 2625 pedibus
824 2539 1003 2602 coniunctis
1034 2557 1161 2602 cursum
1188 2535 1273 2599 Solis
1301 2537 1334 2598 in
1363 2531 1501 2599 solstitio
1525 2532 1663 2598 hiberno
1688 2528 1876 2617 sgnificari.
1919 2532 1995 2596 Hoc
2016 2542 2143 2616 spectat
2163 2528 2275 2594 fabula

443 2663 484 2727 de
499 2660 577 2726 lone
600 2661 635 2721 in
657 2657 785 2720 deserto
806 2659 858 2737 (z
892 2666 924 2718 et
945 2652 1006 2740 tte)
1027 2653 1162 2741 pedibus
1182 2656 1290 2718 vincto
1314 2665 1348 2717 et
1367 2651 1521 2737 impedito
1543 2648 1816 2732 (Plectrum).
1859 2647 1984 2714 Ibidem
2008 2647 2155 2730 traditur,
2178 2650 2274 2712 etiarn

442 2774 665 2864 Paphlagonas
686 2771 793 2837 dicere
814 2770 926 2836 Solem
947 2774 1063 2837 vinciri
1088 2784 1121 2836 et
1142 2773 1280 2836 coerceri
1302 2768 1428 2853 hyeme.

528 2889 661 2970 Heras,
691 2888 791 2970 ὠρας,
822 2908 882 2993 (pp
914 2891 1055 2954 omnium
1080 2890 1223 2954 maxime
1251 2887 1313 2951 fuit
1342 2907 1425 2950 crux
1453 2878 1725 2968 mythologornm.
1769 2883 1897 2950 Scilicet
1928 2897 1993 2950 taru
2016 2883 2118 2950 multa
2147 2899 2275 2974 tamque

443 3011 536 3078 saria
558 3020 592 3070 et
610 3007 801 3068 inconcinna
820 3007 1044 3092 praedicantur
1066 3006 1107 3070 de
1128 3003 1231 3086 Horo,
1255 3017 1290 3068 vt
1311 3002 1372 3068 hoc
1393 3021 1510 3066 nornen
1533 3020 1597 3064 nou
1620 3003 1721 3084 possit
1740 3023 1804 3066 non
1826 3001 1935 3088 plnres
1956 3003 2164 3091 diuersasque
2182 3003 2273 3069 Deos

443 3122 638 3215 significare.
681 3120 828 3185 Profecto
851 3120 962 3186 Horns
984 3141 1068 3185 nnnc
1087 3126 1134 3199 Θ,
1155 3140 1239 3184 nnnc
1260 3125 1303 3204 ῼ,
1326 3139 1409 3183 nunc
1431 3122 1472 3202 d,
1495 3138 1579 3180 nunc
1596 3115 1710 3182 horum
1731 3122 1952 3204 possessiones
1971 3122 2134 3204 exprimit.
2176 3117 2273 3197 Quod

444 3263 542 3331 quern
561 3259 673 3304 verum
695 3240 754 3320 sit,
778 3236 832 3302 rel
855 3260 898 3302 ex
920 3259 959 3302 eo
981 3236 1188 3324 intelligitur,
1213 3237 1299 3322 qood
1318 3236 1446 3314 Herus,
1477 3255 1575 3320 quoru
1600 3233 1663 3300 alio
1683 3258 1780 3302 sensu
1797 3239 1967 3323 accipitur,
1998 3236 2062 3302 alia
2081 3240 2276 3323 cognomine

446 3335 592 3424 assumit.
634 3354 687 3419 Sic
709 3368 998 3422 commemorantur
1027 3353 1137 3419 Horas
1169 3355 1277 3417 senior
1300 3365 1333 3416 et
1354 3354 1477 3433 iunior,
1508 3351 1618 3416 Horas
1645 3351 1763 3439 Apollo
1793 3368 1827 3419 et
1848 3354 1959 3420 Horas
1981 3355 2123 3436 vindex,
2153 3353 2276 3437 Herus,

445 3475 627 3542 claudicans
648 3471 911 3557 (Harpocraten),
933 3471 1044 3537 Horas
1063 3493 1183 3538 vernus
1206 3469 1376 3552 (Arueris),
1397 3469 1507 3536 Herus
1528 3467 1616 3534 filius
1638 3469 1775 3535 Osiridis
1796 3485 1829 3536 et
1850 3471 1945 3538 laidis
1966 3472 2144 3556 (Arsiesia),
2167 3471 2276 3536 Horus

302 3661 308 3674 ,
444 3593 546 3658 irater
570 3588 725 3664 Osiridis,
751 3588 860 3654 Horas
883 3584 1021 3654 Cabirus
1041 3602 1074 3653 et
1096 3588 1207 3653 Horne
1225 3587 1397 3653 semideus.
1436 3586 1481 3650 Et
1499 3587 1602 3670 primo
1625 3587 1753 3673 quidem
1775 3587 1930 3654 Manetho
1950 3593 2072 3654 Horum
2094 3591 2179 3654 inter
2199 3592 2278 3656 deos

444 3711 606 3776 maximos
626 3727 686 3770 seu
708 3704 844 3771 Cabirus
868 3719 1035 3788 numerat,
1067 3729 1111 3770 ex
1137 3727 1200 3794 qno
1223 3706 1385 3791 sequitur,
1412 3701 1538 3767 Horum
1559 3703 1659 3768 fuisse
1680 3703 1844 3790 planetam
1864 3705 2014 3794 aliquem.
2056 3707 2158 3772 Porro
2179 3729 2276 3795 quum

444 3825 556 3891 Herus
584 3827 685 3890 variis
705 3824 848 3911 Aegypti
874 3827 908 3889 in
930 3825 1122 3911 prouinciis,
1144 3835 1182 3887 vt
1204 3821 1387 3905 Tentyrae‚
1412 3819 1633 3908 Apolliuopoli
1655 3819 1790 3909 aliisque
1821 3823 1927 3890 cultus
1946 3824 2065 3900 luerit3
2096 3824 2158 3890 hoc
2177 3827 2276 3890 etiam

444 3941 567 4008 clarum
588 3955 653 4018 est,
678 3941 803 4006 Horum
822 3940 1006 4030 significare
1028 3943 1121 4027 signs
1143 3951 1316 4026 partesque
1338 3941 1477 4004 minores
1497 3938 1647 4017 Zodiaei,
1672 3941 1742 4003 siue
1763 3939 1842 4005 deos
1864 3917 2044 4006 exordiae
2067 3950 2108 4010 12
2132 3945 2273 4025 deorum,

445 4057 595 4126 Decanos
614 4057 777 4145 aliosque,
807 4059 891 4145 quod
913 4059 962 4123 vel
986 4061 1116 4124 nomina
1136 4057 1340 4123 Decanorum
1365 4057 1548 4136 Oreasecr,
1580 4051 1745 4134 Senucer,
1777 4057 1964 4124 Aresteeer
1985 4072 2156 4126 testantur.
2205 4059 2276 4125 lam

444 4181 529 4242 inter
556 4175 703 4263 planetas
732 4177 871 4260 primunr
893 4183 932 4261 Θ
958 4173 1119 4262 significat
1140 4175 1261 4241 Horns.
1312 4172 1430 4238 'l'radit
1451 4170 1612 4257 losephns
1639 4172 1729 4260 (adu.
1752 4173 1836 4262 App.
1857 4175 1884 4242 l.
1904 4199 1937 4264 p.
1946 4181 2023 4243 460.
2044 4177 2149 4260 Bel),
2179 4176 2278 4243 Ame-

445 4292 565 4380 nopbin
586 4289 726 4357 voluisse
746 4287 878 4356 decr-ser
899 4291 1139 4378 (zodiaculium)
1162 4265 1249 4369 fres·
1266 4299 1462 4376 conspecte,
1494 4289 1579 4375 qued
1602 4297 1701 4356 etiass
1723 4297 1919 4376 coett'gs'sset
1939 4281 2123 4379 Hor-affl).
2163 4292 2219 4358 Sic
2241 4306 2276 4356 et

444 4407 603 4474 Herculea
622 4405 686 4490 (Θ)
708 4411 829 4494 cupiuit
849 4431 980 4476 cernere
1002 4410 1193 4476 Ammonem
1215 4409 1299 4492 (il).
1347 4407 1436 4492 Ergo
1457 4406 1567 4473 Herus
1595 4405 1748 4476 hocloco
1771 4405 1807 4478 Ε)
1830 4409 2002 4496 significat.
2048 4410 2133 4474 Hinc
2156 4408 2277 4476 Graeei

445 4525 570 4590 Horum
588 4539 770 4590 constanter
790 4529 1043 4614 interpretantur
1066 4524 1267 4612 Apollinem,
1291 4536 1387 4610 atque
1406 4537 1542 4606 constat,
1566 4524 1732 4592 Phoebum
1753 4525 1938 4614 Apollinem
1962 4501 2098 4608 desse.
2140 4526 2206 4594 Hic
2228 4542 2278 4593 est

446 4639 557 4706 Herus
574 4639 630 4703 ille
650 4639 780 4704 Saturni
800 4655 833 4706 et
843 4643 952 4710 Rheae
971 4645 1059 4710 lilius
1078 4641 1189 4728 (Diod.
1204 4643 1238 4706 S.
1253 4640 1281 4706 I.
1296 4663 1329 4726 p.
1341 4641 1417 4724 18.),
1443 4662 1462 4705 a
1484 4662 1548 4728 quo
1568 4641 1676 4707 differt
1695 4643 1806 4710 Horas
1828 4645 1967 4713 Osiridis
1985 4646 2090 4722 filium
2114 4644 2167 4712 hic
2189 4645 2278 4710 haud

446 4755 543 4822 dubie
562 4755 672 4820 Horus
700 4760 817 4822 senior.
866 4760 1003 4847 Apelle,
1038 4761 1143 4845 inquit
1163 4755 1354 4824 Plutarchus
1379 4757 1438 4842 (la.
1462 4758 1557 4841 3⁷³),
1587 4777 1634 4822 ee·
1654 4757 1747 4826 lss'de
1770 4771 1805 4828 et
1825 4763 1953 4828 oenus
1981 4763 2088 4829 adduc
2118 4769 2155 4828 sis
2180 4773 2277 4830 atero

446 4871 560 4938 Rheae
578 4866 803 4955 versantibus,
827 4874 948 4942 dicitur
969 4889 1088 4955 rmttrs,
1109 4876 1246 4962 ideoque
1266 4874 1360 4940 durs
1379 4875 1471 4941 s'llssr
1493 4875 1639 4941 mutilas·
1659 4879 1857 4946 intenebris
1878 4888 1990 4946 aemes
2008 4900 2081 4946 esse
2100 4886 2218 4964 achat,
2243 4891 2279 4946 et

448 4995 606 5054 sesterces
631 4985 757 5054 Herses
779 4993 960 5076 appellunt.
1003 4993 1204 5081 cogitandus
1225 5006 1274 5059 est
1291 4993 1364 5068 Oe
1385 4991 1522 5061 solstitio
1543 4995 1679 5062 hiberno
1699 4998 1885 5085 procedens.
1927 4995 2002 5062 Huc
2018 5009 2144 5082 spectat
2163 4997 2278 5064 fsbnla

447 5103 488 5168 de
510 5103 603 5170 Horo
617 5103 695 5172 Buti
716 5112 848 5176 nutrito.
891 5108 995 5174 Butus
1016 5111 1101 5176 enim
1126 5113 1239 5178 domus
1261 5120 1290 5196 ιι
1312 5123 1372 5196 est,
1396 5114 1466 5178 sine
1487 5115 1613 5199 signnm
1628 5121 1669 5196 ro,
1693 5125 1789 5200 atque
1811 5117 1895 5180 inter
1924 5122 1958 5192 :a
1980 5125 2013 5178 et
2037 5119 2068 5193 z
2098 5112 2278 5180 solstitium

446 5217 615 5288 hibernum
635 5221 740 5292 locum
760 5224 877 5308 habet,
900 5226 984 5314 qnod
1002 5229 1121 5294 rectius
1142 5230 1204 5294 rix
1223 5231 1365 5318 exprimi
1384 5242 1529 5315 poterat,
1556 5252 1651 5316 qoam
1671 5228 1784 5298 fabula
1802 5229 1842 5296 de
1860 5230 1971 5316 Horo,
2001 5234 2073 5300 siue
2094 5235 2131 5311 Θ
2152 5251 2277 5296 nouom
