4830 6102
1166 422 1535 504 -378-

433 623 581 690 debebat.
624 623 668 688 Et
692 622 773 688 bueo
794 617 922 705 quidem
944 612 987 680 ub
1008 613 1123 678 merito
1145 611 1251 680 Musis
1273 617 1420 680 maxima
1441 613 1528 680 haud
1554 611 1652 680 dubia
1677 612 1830 680 traditam
1852 625 1902 679 est
1923 633 1944 676 a
1969 613 2181 702 seriptusibus
2204 619 2274 704 qui·

433 740 581 822 tudun,
602 737 716 804 Mosen
739 733 945 822 alphabetum
967 727 1165 794 Hebraiuum
1186 733 1288 816 primo
1310 735 1485 800 inuenisse.

519 854 671 920 Ceterum
694 873 881 940 persuasam
904 847 984 914 mihi
1006 845 1132 927 habeo,
1154 869 1220 912 uou
1240 847 1345 916 solum
1368 851 1603 938 Aegyptiorum
1624 862 1659 914 et
1677 845 1904 914 Hebraeorum
1923 846 2037 916 literas
2057 847 2198 935 planetis
2218 850 2274 915 atl-

434 976 569 1058 scriptas
590 969 708 1052 luisse,
740 971 798 1036 sed
824 969 920 1032 etiarn
940 965 1076 1043 aliarum
1098 967 1263 1053 gantiam,
1294 970 1371 1054 quin
1392 980 1492 1033 totam
1514 966 1718 1032 literaturam
1742 967 1973 1032 communies
1996 965 2085 1033 lunta
2107 967 2274 1054 prodiisse.

435 1092 498 1156 Ars
518 1085 678 1153 seribendi
703 1107 768 1151 non
789 1087 851 1152 nisi
871 1083 973 1150 semel
995 1097 1083 1150 nata.
1128 1083 1224 1170 Apud
1241 1105 1353 1149 omnes
1374 1097 1489 1172 gentes
1508 1083 1593 1148 idem
1617 1085 1786 1150 literarum
1808 1083 1887 1148 ordo
1909 1087 2078 1170 reperitur,
2101 1063 2186 1150 ilem
2207 1083 2276 1152 fera

434 1226 603 1284 uumerus,
635 1204 721 1270 idern
744 1201 837 1269 salar
857 1204 1060 1284 numeriuus,
1084 1200 1198 1267 eadem
1228 1201 1282 1268 vel
1303 1202 1408 1270 affinis
1428 1203 1665 1289 pronunciatio.
1708 1201 1832 1268 Eadem
1859 1200 2123 1290 hieroglypbiua,
2159 1201 2276 1290 quibus

433 1324 587 1411 Aegyptii
619 1320 740 1386 dudum
769 1333 845 1385 aute
875 1318 991 1385 Mosen
1021 1321 1235 1404 seripserunt,
1268 1325 1471 1406 reperiuntur
1502 1317 1587 1404 apud
1608 1313 1820 1404 Mexiauuoa,
1844 1319 1996 1384 Siuenses
2025 1317 2178 1408 aliosque.
2221 1319 2277 1384 Sis

294 1419 297 1427 Δ
435 1461 552 1529 aquam
575 1439 728 1504 Siuenses
748 1441 871 1524 paritor
900 1448 996 1522 atque
1019 1435 1172 1523 Aegyptii
1203 1437 1306 1503 tribus
1334 1435 1430 1502 lineis
1461 1437 1649 1524 exprimant
1675 1431 1774 1515 (Tab.
1791 1431 1836 1502 Π.
1867 1437 1956 1526 til),=
1977 1413 2074 1502 Vnde
2095 1457 2173 1501 vero
2194 1433 2276 1501 baeu

435 1574 526 1626 tantu
547 1553 794 1624 uouneuiential
819 1547 900 1628 Quo'
917 1565 1063 1638 tempore
1087 1553 1247 1620 Zodiauus
1267 1568 1377 1621 noster
1403 1554 1618 1642 astrologiam
1639 1563 1730 1616 ortus
1751 1563 1819 1633 est,
1844 1548 1966 1616 scilieet
1989 1577 2073 1620 anno
2095 1559 2181 1620 53⁰0
2201 1567 2275 1620 ante

436 1679 531 1755 banc,
553 1696 616 1765 qno
632 1673 808 1739 eommunis
832 1667 947 1757 religio
964 1669 1171 1758 astrologica,
1188 1675 1366 1739 communis
1385 1661 1498 1760 lingua
1512 1675 1699 1760 viguerant,
1721 1689 1785 1756 quo
1804 1669 1909 1753 prima
1929 1679 2004 1754 post
2024 1665 2181 1737 diluuium
2196 1693 2274 1757 gens

435 1793 548 1862 Asiam
563 1789 709 1856 altiorem
728 1784 915 1852 inhabitans
930 1800 1033 1851 tutam
1050 1787 1215 1867 mnndum,
1232 1765 1374 1855 visibilia
1387 1802 1421 1855 et
1438 1785 1627 1872 inuisibilia,
1641 1767 1801 1875 tempora,
1814 1805 1924 1867 sonos,
1940 1806 2038 1850 voces
2056 1785 2142 1849 iuter
2155 1800 2275 1874 septen

435 1911 584 1999 planetas
613 1908 743 1984 dinisit3
780 1901 893 1970 eodem
925 1907 1021 1970 etiam
1052 1927 1106 1970 ars
1132 1905 1395 1993 bieroglypbioa,
1428 1929 1487 1972 sen
1516 1909 1676 1994 scriptura
1707 1929 1753 1971 ex
1778 1903 1976 1970 mnonomu
2005 1905 2178 1989 progenita
2206 1904 2273 1972 tuit

437 2023 677 2114 Exprimebant
697 2019 840 2087 visibilia
860 2043 968 2088 rernm
992 2020 1199 2110 imaginibus,
1222 2021 1451 2091 venabulorum
1474 2045 1572 2091 sonos
1589 2021 1726 2110 angulis
1748 2023 1809 2088 diis
1828 2039 1938 2085 sauros
1957 2019 2113 2105 symbolis
2136 2023 2276 2110 singulu-

439 2165 512 2210 rnm
532 2145 666 2208 deorum
687 2160 745 2206 sea
764 2135 979 2225 planetarum.
1021 2137 1096 2204 Non
1116 2141 1187 2205 siue
1207 2143 1334 2208 ratione
1356 2153 1495 2226 veteres,
1516 2144 1564 2207 vti
1588 2154 1724 2220 onustat,
1744 2141 1856 2226 primis
1874 2151 1948 2224 post
1969 2137 2126 2204 diluuium
2144 2139 2278 2206 bomini-

441 2261 504 2326 bus
528 2262 719 2345 surlptnranr
740 2257 840 2322 faisse
862 2257 1042 2344 cognitam,
1066 2269 1236 2324 testantur.
1279 2256 1389 2336 Quum
1411 2259 1656 2348 digradmentnr
1678 2269 1804 2347 gentes,
1826 2257 2019 2340 scripturum
2041 2277 2150 2322 seuam
2171 2271 2277 2345 porta-

439 2387 516 2442 runt
543 2395 666 2462 suaque
681 2371 846 2461 ningulus
875 2377 1002 2440 mtione
1029 2372 1264 2441 exsoluerunt·
1297 2377 1385 2444 Hiuo
1417 2391 1509 2444 tanta
1537 2379 1771 2464 seripturarum
1800 2375 2026 2444 uonuenientia
2052 2393 2166 2442 ornnes
2196 2376 2277 2464 apntl

439 2493 586 2582 pupulus,
609 2465 707 2558 sn'arb
729 2491 875 2556 maxine
896 2491 1028 2558 (insitos
1050 2503 1084 2558 st
1102 2493 1265 2574 diuersos,
1286 2515 1370 2582 qnae
1391 2494 1521 2562 aliunde
1543 2492 1659 2561 saltora
1685 2493 1874 2561 oondnnins
1895 2489 2055 2578 explicari
2075 2491 2164 2558 baatl
2180 2491 2277 2559 lsaila

438 2613 570 2698 putarit.

523 2725 676 2792 Ceterum
702 2725 784 2792 bauo
813 2729 921 2792 omnia
946 2723 1063 2794 obiter.
1113 2725 1325 2794 Bsdenndurn
1352 2731 1438 2795 eninr
1471 2729 1512 2794 ad
1538 2729 1591 2812 id,
1620 2751 1640 2795 a
1667 2749 1731 2816 quo
1755 2725 1892 2814 prulseti
1913 2746 2041 2809 snmus,
2063 2727 2212 2793 nimirum
2233 2727 2275 2790 atl

439 2845 672 2911 astronomiam
692 2841 939 2930 Aegyptiarum.
979 2845 1015 2910 Si
1036 2865 1115 2911 vere
1136 2847 1336 2913 astronomia
1357 2845 1656 2940 Aegyptiaealtalis
1676 2859 1738 2930 est,
1761 2841 1890 2933 qualem
1911 2843 2146 2934 duoripsinus3
2214 2841 2275 2908 ob·

441 2962 644 3027 sometimes
672 2960 814 3026 siclorum
841 2964 876 3028 in
902 2961 1051 3049 Aegypto
1081 2965 1249 3030 institutae
1270 2987 1348 3032 vars
1372 2987 1411 3032 aa
1432 2967 1578 3047 ratione,
1609 2985 1705 3052 quatu
1734 2963 1895 3044 uiximus,
1933 2981 2109 3047 expressae
2130 2961 2271 3027 luerunt:

440 3097 520 3142 sane
541 3075 604 3142 hoo
624 3097 670 3144 ex
691 3077 781 3144 luntu
802 3100 890 3146 nono
909 3078 1013 3145 malta
1029 3081 1113 3146 snitu
1133 3081 1232 3170 tligns
1251 3081 1393 3166 hauriri,
1415 3081 1537 3150 multae
1560 3084 1728 3170 opiniones
1745 3077 1825 3146 dilui
1846 3091 1881 3143 et
1901 3076 2006 3162 ablui,
2031 3079 2135 3146 multa
2156 3083 2220 3146 iant
2237 3080 2272 3144 in

388 3171 395 3184 ⁶
441 3194 574 3263 (labium
594 3208 710 3262 vocato
730 3194 835 3262 denuo
860 3193 1044 3262 oonbrmari
1063 3219 1160 3284 posse
1178 3199 1340 3266 videntur.
1386 3199 1439 3270 De
1461 3223 1525 3289 quo
1544 3203 1611 3266 isra
1631 3221 1731 3287 panes
1750 3198 1832 3266 alios
1853 3206 1903 3262 est
1921 3196 2080 3264 iudicare.

525 3312 646 3398 Scripsi
666 3315 701 3378 ia
722 3312 946 3380 Vniuersitata
967 3313 1133 3401 lipsiensi
1151 3315 1203 3382 tlie
1226 3315 1396 3384 xxvllt
1427 3317 1570 3406 Septem„
1594 3321 1669 3386 mi
1688 3307 1986 3386 MDCCCXXXL
2090 3303 2097 3310 .
2219 3299 2224 3306 ,

1847 3715 1899 3798 G.
1932 3710 2179 3828 Seyffortl.
