4860 6092
892 471 1260 552 -105-

159 664 300 730 hircinus
321 671 400 726 erat.
444 657 564 724 Hircos
581 677 661 724 vere
680 679 739 744 per
757 679 850 724 suam
868 673 1016 725 naturam
1035 655 1217 744 symbolum
1240 675 1289 726 est
1312 663 1538 747 generationis.
1567 664 1731 730 Esmrrnus
1753 689 1889 754 qnoque,
1903 683 1995 764 *teste

160 781 329 847 Damascio
352 776 459 862 (Pbot.
472 773 545 842 Bib.
564 770 732 843 CCXLll.
748 800 780 863 p.
792 782 917 859 1074.)
940 774 1080 840 calorem
1103 779 1190 840 vitae
1212 775 1385 864 significat,
1408 777 1493 863 quod
1517 781 1613 842 etiarn
1632 770 1769 873 buon,
1795 803 1903 882 Quill
1935 809 1996 852 ox.

158 905 307 989 primunt.
349 895 512 962 Mercurio
534 915 615 958 vero
638 894 750 960 ocules
772 897 922 982 caprinos
949 891 1106 981 astrologi
1134 892 1319 958 adscribunt
1350 893 1393 979 (l.
1408 899 1440 973 fl.
1455 898 1507 959 52.
1530 895 1595 961 Νο.
1612 901 1642 963 5.
1664 919 1696 984 p.
1713 905 1789 984 66.)
1829 903 1997 990 Ampeliua

156 1016 251 1104 (libro
268 1035 399 1082 memor.
413 1034 483 1099 cap.
498 1011 573 1096 ll.):
596 1009 670 1088 Quo
693 1023 851 1097 ternpore,
870 1013 985 1098 inquit,
1002 1010 1128 1094 Python
1144 1010 1323 1096 (Typhon),
1345 1009 1515 1097 speluncas
1535 1013 1679 1079 incolens
1698 1018 1732 1080 in
1750 1032 1859 1084 monte
1874 1019 1994 1104 Tauro,

144 1137 340 1222 Aegyptum
361 1132 527 1220 profectas
548 1141 598 1194 est
619 1129 659 1192 ad
674 1127 806 1212 bellum,
828 1130 897 1196 Pan
920 1150 956 1194 se
976 1131 1009 1191 in
1032 1148 1148 1214 caprae
1170 1127 1310 1230 figuram
1331 1130 1528 1194 conuertit“.
1565 1128 1760 1214 „Mendesii
1782 1137 1828 1199 ait
1850 1134 1997 1202 Herodo-

156 1269 208 1320 tus
229 1249 388 1341 (11.46.)
412 1261 584 1314 numerant
601 1249 692 1313 Paua
713 1247 799 1309 inter
817 1257 891 1312 ecto
914 1245 1009 1328 deos,
1040 1266 1121 1332 quos
1142 1247 1233 1310 aiunt
1254 1245 1419 1312 duedecim
1442 1246 1503 1310 diis
1524 1249 1648 1332 priores
1671 1253 1848 1318 exstitisse.
1890 1254 1998 1318 Picto·

155 1393 207 1436 res
222 1384 258 1436 et
270 1367 417 1435 statuarii
432 1367 554 1432 facium
573 1362 780 1430 simulacrum
794 1360 912 1446 Panes,
933 1365 1015 1428 siem
1032 1361 1159 1444 Graeci,
1177 1365 1309 1449 caprina
1331 1363 1414 1428 lacis
1428 1377 1462 1428 et
1482 1363 1613 1432 hircinis
1634 1367 1814 1437 cruribus“.
1826 1367 1997 1438 ¹Diodorus

156 1487 196 1571 (1.
210 1511 246 1574 p.
263 1490 353 1574 55.):
383 1483 538 1560 He'resras,
560 1481 684 1567 inquit,
706 1483 797 1542 s'ster
818 1479 896 1544 deas
922 1479 1112 1544 rettulerant
1131 1489 1273 1564 propter
1295 1481 1475 1563 genitales·
1493 1493 1637 1566 partera.
1682 1483 1748 1549 Est
1768 1491 1852 1550 estse
1874 1488 2001 1552 αιιὲιιιιῐ

155 1604 216 1669 doc
248 1604 498 1668 salacisss‘ssssss.
537 1595 676 1682 Priapus
703 1608 808 1659 autem
837 1596 922 1682 apud
953 1596 1134 1682 Aegyptios
1160 1595 1275 1662 dicitur
1302 1597 1413 1662 Hesus
1443 1597 1513 1684 (e).
1560 1600 1697 1666 Ouidius
1723 1602 1819 1686 (Met.
1842 1605 1887 1670 V.
1907 1609 1997 1678 329.)

156 1722 267 1803 tradit,
290 1730 433 1783 mamsse
454 1735 490 1779 se
511 1713 636 1799 prolem
656 1711 847 1778 Semeleiam
869 1711 1062 1799 (Bacchum)
1084 1715 1118 1777 in
1141 1734 1283 1800 caprum.
1327 1711 1400 1790 Quo
1424 1735 1469 1778 ex
1485 1714 1557 1782 leco
1579 1733 1725 1803 apparet,
1748 1741 1880 1806 caprum
1899 1724 1997 1787 etiam

155 1847 194 1918 Θ
211 1842 248 1902 in
270 1836 373 1922 signis
386 1833 520 1898 Etmani
534 1831 594 1919 (11
602 1827 656 1896 vel
668 1835 723 1912 np)
735 1843 920 1896 versantem
938 1827 1132 1917 siguificare,
1154 1845 1191 1895 st
1209 1829 1299 1897 alias.
1330 1830 1422 1897 Adde
1443 1830 1551 1897 locum
1572 1833 1729 1920 Stephani
1749 1838 1790 1922 (s.
1806 1840 1916 1912 Πανις
1929 1838 1997 1922 a.):

155 1953 227 2021 Est
247 1972 337 2034 cero,
357 1951 470 2036 inquit,
495 1953 595 2010 ete'ass
615 1950 653 2010 s‘ss
677 1943 740 2009 lac
757 1944 837 2010 crde
859 1967 1012 2032 magestas
1035 1948 1091 2012 des'
1110 1948 1336 2031 anatome,
1361 1953 1397 2012 tn
1421 1967 1482 2033 qsc
1504 1960 1649 2034 apparet
1669 1960 1813 2016 erectam
1835 1961 1998 2017 ceretrssss

154 2109 200 2124 ...
221 2067 408 2152 dextraque
419 2063 597 2148 flagellasse
618 2067 768 2127 tatemer
789 2061 928 2144 Lanae,
960 2069 1054 2130 csss'ur
1076 2065 1199 2131 idolass
1226 2084 1297 2129 erse
1322 2069 1421 2128 stant
1448 2065 1555 2130 Parsa.
1600 2065 1673 2142 Quo
1704 2089 1748 2132 ex
1775 2068 1865 2150 loco,
1902 2089 1999 2154 quum

152 2187 327 2276 flagellum
341 2186 376 2258 Θ
393 2179 573 2267 symbolum
595 2182 648 2262 sit,
671 2179 776 2244 denuo
799 2193 945 2266 apparet,
961 2178 1009 2264 Θ,
1032 2184 1065 2245 in
1085 2181 1216 2247 decuria
1239 2183 1260 2250 a
1288 2183 1374 2269 signi
1390 2188 1435 2262 ὅ,
1452 2184 1578 2248 trientis
1597 2186 1690 2250 verni
1704 2184 1779 2270 (t),
1804 2199 1998 2267 versantem,

153 2307 309 2384 Esmuni,
333 2323 391 2366 seu
411 2301 493 2366 Pani
515 2301 731 2386 proprietates
752 2319 928 2364 assumere.
971 2295 1069 2363 Certe
1092 2297 1257 2365 Diodorus
1276 2300 1332 2387 (L.
1350 2298 1377 2364 Ι.
1400 2321 1433 2384 p.
1449 2300 1516 2385 22.)
1540 2315 1693 2382 testatur,
1724 2302 1813 2367 Pana
1836 2317 1869 2368 et
1893 2301 2000 2368 Osiri·

154 2426 233 2490 dem
260 2419 397 2486 eundem
426 2437 515 2493 esse,
543 2429 654 2506 atque·
670 2417 711 2482 ab
733 2415 904 2502 Aegyptiis
930 2437 991 2503 pre
1012 2418 1049 2488 Θ
1068 2416 1196 2504 (verno)
1217 2416 1340 2485 haberi.
1386 2412 1494 2492 Quum
1520 2442 1599 2484 vere
1620 2420 1706 2484 idern
1738 2420 1835 2486 tradit
1859 2425 1904 2508 (p.
1921 2426 1999 2506 tn),

154 2541 250 2604 Paua
270 2558 342 2602 cum
366 2533 496 2600 Osiride
521 2534 760 2622 expeditionem
781 2533 908 2617 fecisse,
930 2534 1092 2623 significat
1117 2536 1158 2619 ἕ,
1180 2533 1258 2600 solia
1279 2535 1440 2600 comitem.

244 2653 486 2738 Harpocraten,
505 2649 730 2738 Ἀρποιρατης,
753 2651 789 2724 Θ
811 2652 970 2739 designat,
992 2657 1184 2738 praesertim
1206 2652 1387 2732 hibernum,
1412 2649 1466 2714 rel
1488 2671 1506 2713 e
1527 2647 1665 2715 solstitio
1682 2650 1818 2717 hiberno
1840 2657 1910 2740 (ᾖ)
1927 2677 2001 2741 pre.

18 2810 24 2825 ·
154 2773 332 2853 deunteru,
359 2793 421 2837 uec
440 2792 503 2835 nen
532 2768 571 2838 ll.
610 2768 718 2833 Solem
742 2771 827 2833 eninr
853 2768 1031 2842 esclstitio
1054 2768 1190 2834 hiberno
1210 2769 1420 2854 prodeuntem
1441 2766 1553 2828 Latini
1574 2764 1674 2826 solers
1697 2784 1826 2848 sousa,
1848 2768 2000 2858 Aegyptii

154 2888 325 2956 Osiridem
345 2893 497 2952 tsseaess
521 2899 555 2950 et
576 2893 727 2950 renatare
751 2887 905 2950 dixerunt
927 2883 1153 2965 (lablPantb.
1172 2885 1218 2948 11.
1240 2905 1268 2947 c.
1283 2889 1314 2948 6.
1336 2905 1368 2967 p.
1386 2883 1461 2944 253.
1478 2884 1567 2960 258.)
1609 2877 1683 2953 Quo
1707 2883 1835 2966 quidem
1857 2899 2001 2973 ternpore

154 3007 298 3074 biberue
321 3006 552 3093 Harpocrates,
575 2999 715 3066 Osiridis
733 3013 766 3066 et
789 3001 883 3066 laidis
906 2998 1004 3081 filins,
1027 3012 1123 3063 natus
1143 3000 1260 3063 dicitur
1282 3021 1302 3063 a
1323 2997 1493 3064 Plutarcho
1514 2997 1571 3080 (ls.
1587 2999 1729 3083 ρ.377.)
1772 2998 1928 3089 Ideoque,
1951 3008 2000 3072 irr-

153 3129 251 3213 quit,
285 3131 447 3188 aarratsr
472 3120 557 3201 Iss's,
583 3135 653 3180 csse
682 3137 717 3183 re
744 3121 887 3179 sentiret
905 3114 1098 3200 gravidast,
1129 3125 1230 3179 serta
1260 3116 1313 3179 ds'e
1333 3121 1453 3179 caesus
1474 3113 1603 3200 Paspdr'
1622 3115 1693 3200 (ὲ)
1716 3116 1912 3200 appendisse
1940 3118 2006 3185 se’ds'

152 3241 350 3319 asssletssss,
372 3225 471 3322 alque
484 3239 657 3320 peperisse
679 3231 931 3318 Harpocratem,
955 3229 1012 3296 ssd
1034 3229 1209 3296 solstr'ts‘sss
1223 3230 1390 3297 de'derssss
1411 3239 1462 3318 (φ
1481 3235 1564 3297 inter
1584 3245 1616 3295 et
1631 3238 1659 3312 z
1672 3233 1696 3316 ),
1719 3233 1945 3318 tapsrfcctsss
1967 3249 2004 3302 st

151 3356 264 3421 calda
285 3360 442 3434 tenerare,
459 3357 548 3415 s'ster
556 3348 666 3432 flores
679 3357 715 3414 et
725 3354 875 3437 gerass'sa
898 3357 963 3414 test
978 3353 1117 3432 prs'ssass
1128 3350 1410 3435 prcpsltslaate'a.
1442 3350 1523 3414 Item
1544 3349 1727 3416 Macrobius
1747 3351 1830 3433 (Sat.
1840 3353 1868 3417 1.
1884 3375 1911 3419 c.
1923 3360 2000 3440 ta),

153 3473 254 3554 „hae
282 3479 426 3533 aetatum
447 3468 693 3548 diuersitates“,
719 3469 843 3553 inquit,
866 3467 931 3550 „ad
951 3464 1054 3532 selem
1074 3467 1274 3550 referuntur,
1298 3481 1333 3532 vt
1355 3466 1510 3553 paruulus
1532 3469 1678 3532 videatur
1699 3467 1829 3533 hiemali
1853 3470 2001 3552 solstitie,

153 3589 294 3681 qualem
316 3585 471 3671 Aegyptii
490 3583 658 3670 proferunt
677 3605 723 3648 ex
745 3585 861 3670 adyto,
882 3586 934 3648 die
952 3599 1058 3663 certa,
1089 3585 1173 3670 qued
1196 3597 1270 3647 tunc
1293 3583 1481 3650 breuissime
1502 3584 1554 3648 die
1577 3585 1679 3649 veluti
1699 3606 1819 3670 parnas
1842 3599 1874 3648 et
1895 3588 2003 3654 inians

154 3705 352 3774 rideatur“.
396 3699 457 3766 llis
477 3701 636 3766 consentit
656 3699 775 3787 Apollo
791 3701 921 3768 Clarius
943 3703 1027 3788 apud
1044 3699 1245 3768 Macrobium
1268 3700 1353 3786 (ib),
1375 3704 1493 3784 dicens,
1516 3701 1623 3768 Deum
1642 3698 1710 3783 (Θ)
1732 3721 1922 3784 supremum·
1940 3701 2002 3769 dici

156 3839 319 3890 autumno
340 3817 433 3884 finite
455 3829 599 3882 tenerum
621 3817 678 3883 lae
700 3815 817 3905 (ἅβραν
834 3819 942 3904 'Iaa).
975 3819 1019 3886 Et
1038 3818 1113 3884 hinc
1127 3817 1346 3904 Harpocrates
1368 3810 1670 3926 oep.rffib.pm‚
1691 3816 1801 3883 Herus
1820 3817 2002 3888 claudicans

155 3939 342 4030 (infirmos)
369 3937 470 4024 pede,
498 3937 624 4003 dicitur.
667 3937 723 4002 Sol
744 3941 828 4004 enim
851 3957 950 4025 quum
971 3950 1121 4004 versatur
1148 3939 1182 4002 iu
1210 3943 1238 4017 z
1270 3949 1310 4012 εκ
1332 3951 1364 4002 et
1384 3946 1424 4016 χ,
1442 3957 1555 4030 parurn
1582 3935 1685 4000 adhuc
1712 3937 1800 4000 valet
1825 3940 1890 4002 rim
1910 3960 2001 4006 snam

156 4065 334 4127 exercete.
378 4054 489 4120 Heras
512 4057 609 4132 enim,
627 4069 790 4141 tamquam
812 4053 849 4125 Θ
871 4075 985 4133 nouus,
1011 4057 1081 4119 siue
1102 4052 1190 4118 filius
1204 4053 1343 4118 Osiridis
1360 4055 1489 4136 mortui,
1513 4075 1577 4121 non
1599 4055 1706 4118 differt
1730 4053 1770 4118 ab
1791 4047 2001 4140 Harpocrate,

158 4197 263 4265 qnare
291 4186 324 4238 et
346 4170 458 4237 Horas
476 4169 554 4235 Boc
579 4172 718 4238 nutritus
748 4172 864 4237 dicitur
884 4191 904 4238 s
927 4171 1101 4236 Plutarcho
1121 4171 1177 4251 (la.
1195 4171 1297 4261 337.)
1340 4174 1426 4240 Hinc
1448 4173 1534 4236 idern
1563 4173 1661 4236 tradit
1689 4171 1746 4250 (ls.
1762 4193 1794 4255 p.
1810 4177 1884 4240 378.
1900 4177 2001 4260 aaa),

160 4276 408 4380 Harpocratllu
434 4308 568 4374 corpere
596 4289 819 4375 imperfectum
845 4287 1060 4376 membrisque
1087 4287 1300 4372 imbecillem,
1322 4291 1470 4356 mutilum
1492 4305 1526 4356 et
1546 4305 1691 4354 maneum
1714 4287 1748 4349 in
1770 4287 1911 4353 tenebris
1933 4291 2001 4376 (ᾖ)

159 4425 278 4475 natum
300 4427 384 4472 esse.
427 4405 521 4472 Adde
549 4406 1004 4493 contemporalitate).
1047 4403 1114 4471 Isiu
1134 4407 1212 4473 dicit
1232 4429 1276 4473 err
1300 4408 1428 4474 Osirida
1451 4421 1527 4472 ante
1550 4404 1703 4467 mensium
1728 4405 1920 4491 completum
1943 4429 2002 4473 na·

164 4545 293 4589 marma
313 4523 416 4590 filium
437 4524 605 4609 peperisse
625 4524 859 4613 Harpocratem
879 4514 1086 4590 italerioribas
1109 4523 1262 4592 membris
1284 4523 1433 4591 debilem.
1478 4524 1548 4587 Iam
1565 4519 1638 4584 cram
1661 4517 1697 4589 Θ
1717 4523 1751 4585 in
1773 4527 1898 4608 quouis*
1910 4529 2002 4614 signo

165 4640 271 4706 dtarn
290 4652 486 4727 potestatem
506 4655 650 4706 suomet
677 4655 772 4732 atque
793 4665 814 4708 a
834 4643 972 4710 dominis
992 4647 1158 4732 signorum
1180 4645 1321 4717 dicatam
1358 4641 1501 4726 seqnitur
1522 4641 1619 4702 etiarn
1641 4646 1678 4721 b,
1702 4643 1819 4726 quippe
1840 4640 2002 4708 dominum

173 4763 227 4836 ᾖ,
245 4755 482 4843 Harpocratem
501 4759 565 4823 dici
578 4771 634 4823 aut
648 4772 734 4824 certe
754 4761 865 4826 eadem
880 4765 1022 4849 imagine
1038 4757 1187 4846 exprimi.
1219 4757 1314 4834 Quod
1329 4769 1464 4822 testatur
1482 4755 1572 4822 locas
1589 4755 1698 4821 Ouidii
1714 4753 1807 4842 (Met.
1824 4759 1887 4826 lx.
1903 4763 2002 4845 687.)

166 4894 236 4960 quo
258 4887 380 4961 septem
400 4875 551 4961 planetae
572 4889 871 4957 commemorentur,
898 4878 924 4959 l)
954 4898 1034 4943 sero
1055 4878 1107 4941 his
1126 4873 1235 4941 verbis
1257 4873 1463 4940 describitur:
1485 4879 1601 4960 palpate
1615 4880 1740 4960 preass't
1754 4893 1862 4938 cecess
1882 4874 2003 4960 ds'ge'ta-

164 5009 234 5078 qrsc
265 4993 398 5058 edentia
426 4995 544 5060 madet
561 4993 652 5078 (Vid.
673 4993 758 5058 inira
779 4991 957 5078 Bubastis).
1000 4993 1152 5058 Ceteram
1178 4991 1274 5056 dubio
1301 5005 1408 5074 caret,
1439 4994 1535 5056 etiam
1572 4990 1593 5058 t
1626 4991 1860 5076 Harpocratem
1883 4993 2000 5062 dietum

161 5111 285 5176 fuisse.
326 5109 455 5176 Etenim
482 5111 504 5178 7
533 5133 659 5199 qaoque
680 5111 791 5178 Horas
811 5111 943 5192 dicitur,
969 5122 1065 5196 atque
1085 5123 1231 5193 caumas,
1256 5110 1346 5182 Oia
1366 5113 1466 5176 variis
1486 5110 1616 5176 Zodiaei
1637 5107 1781 5196 partibus
1801 5129 1912 5175 eorum
1934 5111 2001 5194 pla.

162 5240 321 5294 netarum
340 5245 502 5294 mamere
515 5232 656 5312 nomina,
671 5229 726 5318 qui
739 5229 860 5294 demisi
880 5239 955 5293 sant
970 5225 1098 5294 illarum
1111 5230 1249 5314 partium
1267 5229 1358 5316 (Sup.
1370 5228 1400 5304 l.
1409 5233 1440 5296 7.
1449 5247 1524 5316 pag.
1533 5229 1615 5394 813)
1644 5226 1754 5332 Herus
1768 5245 1857 5304 rere,
1872 5227 1940 5288 siue
1960 5223 2000 5305 a,
