4958 6092
963 489 1187 548 ······XlX
1245 513 1332 530 -··

205 669 284 740 rint
304 685 439 738 sacrae
464 660 709 759 etpropriao.
762 655 874 748 Quae·
893 655 997 747 loca,
1023 661 1225 758 praecipue
1250 657 1527 758 Horapollinis‚
1559 682 1709 737 summa
1732 683 1822 736 cura
1847 665 2071 740 examinari

208 811 249 874 et
272 793 628 892 colligidebcbant.
678 794 854 891 Denique
871 806 1023 869 reseres
1047 793 1255 870 astronomi
1275 796 1361 893 ipsi,
1384 793 1582 886 Firminus,
1597 796 1791 886 Manctbo‚
1809 795 2059 890 Ptolemaeus,

207 933 387 1022 l’roolus‚·'
396 929 538 1006 Paulus
564 927 864 1016 Alexandrinus,
887 927 1078 1018 Manilius,
1103 927 1352 1018 Censorinus,
1377 927 1570 1006 lohannes
1589 929 1734 1025 Lydus,
1760 931 1903 1006 Sextus
1929 933 2059 1030 Empi·

207 1071 327 1158 ricus,
353 1065 536 1156 Hermes,
561 1065 710 1138 Vettius
732 1063 871 1138 Valens
898 1063 1037 1161 aliique
1062 1063 1177 1136 illecti
1203 1075 1243 1136 et
1266 1064 1448 1158 neglecti,
1482 1065 1642 1160 singulis
1673 1067 1838 1163 planetis
1859 1090 1904 1142 ac
1929 1068 2058 1144 zodia·

208 1199 350 1276 eslibus
372 1202 578 1296 segmentis
598 1197 819 1274 adscribunt
837 1198 1026 1295 permulta
1052 1209 1092 1271 et
1116 1200 1225 1272 varia
1246 1199 1403 1286 nomina
1429 1198 1573 1290 diuina,
1589 1200 1693 1274 Deos
1717 1202 1903 1299 Demque,
1928 1225 2056 1300 perso-

208 1359 299 1426 nas,
319 1321 585 1435 quadrupeda,
611 1334 914 1423 aues,·insecta,
936 1333 1148 1432 amphibia,
1170 1332 1323 1408 arbores
1329 1383 1343 1422 ,
1364 1334 1535 1430 plantas,
1569 1345 1651 1408 arte
1677 1335 1796 1424 saeta,
1818 1349 2055 1426 ornamenta,

212 1489 409 1568 corporum
437 1481 566 1568 partes
591 1470 747 1565 eiusque
768 1467 916 1562 generis
941 1467 1026 1541 elia.
1079 1465 1151 1542 His
1177 1470 1305 1567 itaque
1331 1489 1383 1540 ex
1412 1469 1600 1556 fontibus,
1624 1467 1672 1542 de
1698 1491 1772 1568 quo
1795 1469 1874 1566 agit
1896 1469 1988 1544 Pars
2013 1471 2054 1544 ll.

210 1605 326 1680 nutus
351 1602 578 1690 voluminis,
610 1604 865 1697 cognoscitur,
881 1601 1179 1700 -quibuscunque
1208 1603 1288 1676 sere
1311 1601 1540 1696 imaginibus
1565 1601 1745 1700 Aegyptii
1772 1614 1853 1678 tum
1879 1604 2054 1703 planetas

211 1739 391 1834 singulos,
418 1749 499 1810 tum
520 1737 629 1811 varia
652 1734 807 1810 Zodiaci
830 1751 1025 1832 segmenta
1048 1735 1268 1835 plerumque
1289 1738 1560 1836 expresserint.
1611 1734 1696 1812 lam
1721 1761 1767 1811 eo
1793 1759 2053 1836 perueneram,
2216 1775 2219 1781 ·

210 1889 255 1952 vt
280 1875 437 1961 sebon,
461 1882 553 1969 quot
577 1881 617 1946 et
642 1891 827 1969 quosnam
851 1870 1036 1971 Aegyptii
1061 1873 1238 1946 norrerint
1267 1873 1459 1972 planetas,
1486 1884 1576 1970 quot
1599 1883 1640 1946 et
1663 1872 1791 1970 quales
1816 1870 1971 1947 Zodiaci
1995 1873 2054 1948 di»

210 2010 379 2086 visiones
408 2005 651 2080 adhibuerint
658 2027 669 2095 ς
699 2005 839 2081 deinde
873 2007 1008 2106 quibus
1043 2005 1228 2100 symbolis
1260 2010 1322 2084 vsi
1356 2007 1498 2082 luerint
1530 2008 1571 2079 in
1602 2007 1752 2102 scriptis
1782 2009 2053 2083 astronomicis.

212 2142 394 2246 Restabat
415 2143 580 2214 tertium.
635 2137 896 2230 Quaerebatur
918 2142 1044 2227 enim,
1068 2140 1202 2236 quibus
1228 2141 1352 2215 modis
1378 2165 1422 2215 ac
1443 2142 1652 2218 rationibus
1678 2138 1859 2237 Aegyptii
1882 2140 2053 2238 planeta-

210 2299 296 2352 rum
319 2276 401 2352 loca
424 2273 686 2349 indicauerint.
740 2272 861 2363 Quem
888 2273 937 2348 ad
958 2275 1072 2348 tinem
1094 2297 1228 2370 rogare
1252 2275 1358 2348 licuit
1379 2297 1568 2374 papyrum
1595 2275 1890 2350 astronomicam
1911 2274 2054 2349 Graece

212 2412 404 2508 scriptam,
430 2409 590 2482 feliciter
617 2435 642 2484 a
662 2408 782 2482 Saltio
807 2411 848 2482 in
878 2408 1059 2507 sepulcris
1081 2409 1272 2486 Thebanis
1295 2421 1484 2508 repertam
1507 2411 1605 2510 (Par.
1627 2411 1683 2483 lll.
1707 2408 1739 2504 ᾗ.
1757 2411 1818 2504 2.).
1870 2406 1968 2482 Hinc
1988 2432 2054 2507 pa-

213 2544 320 2620 tebat
340 2544 447 2633 mibi,
471 2542 679 2645 Aegyptios
693 2555 840 2641 septem
859 2553 1076 2618 constanter
1093 2543 1331 2642 planetarum
1348 2547 1657 2622 constellationes
1681 2543 1873 2617 natalitias
1888 2556 2053 2634 notasse,

213 2681 274 2754 ita
292 2691 336 2756 ut
361 2679 488 2757 varias
516 2690 646 2778 portes
678 2677 831 2754 Zodiaoi
865 2699 950 2752 cum
976 2678 1131 2776 planeta
1164 2679 1382 2753 coniunctas
1408 2679 1574 2752 naturali
1600 2678 1776 2772 deinceps
1803 2673 1936 2747 ordine
1962 2699 2053 2752 enu-

213 2823 413 2888 merarent.
464 2812 548 2888 lam
581 2813 739 2890 auxiliis
773 2813 832 2886 bis
862 2811 982 2884 tribus
1012 2813 1178 2898 inuentis
1207 2810 1316 2884 facile
1347 2821 1448 2895 erat,
1489 2808 1754 2906 inscriptiones
1778 2807 2052 2906 Aegyptiorum
2150 2804 2160 2820 ⁸

214 2947 488 3024 astronomicas
519 2948 794 3047 interpretari.-
827 2944 1009 3035 Quamuis
1038 2944 1138 3016 enim
1175 2943 1284 3014 varia
1314 2941 1391 3014 sint
1418 2963 1549 3014 earum
1580 2964 1739 3037 genera,
1775 2952 1901 3015 tamen
1924 2947 2054 3020 omnia

216 3095 424 3182 sequuntur
449 3082 604 3178 easdem
633 3088 749 3176 leges,
772 3082 911 3176 quippe
938 3086 1149 3174 sequentes.
1197 3071 1223 3146 1.
1246 3073 1288 3147 ln
1309 3076 1563 3150 monumentis
1583 3077 1844 3149 astronomicis
1866 3074 2053 3172 hierogly-

214 3215 323 3315 pbice
349 3219 498 3314 scriptis
525 3217 790 3313 exprimuntur
814 3212 992 3309 planctae
1017 3217 1057 3280 et
1088 3206 1243 3282 Zodiaoi
1264 3221 1394 3307 partes
1420 3208 1540 3284 variis
1560 3209 1682 3306 iisque
1706 3212 1819 3283 certis
1842 3233 1967 3286 rerum
1993 3235 2053 3288 sa·

213 3369 364 3424 orarum
390 3347 619 3440 imaginibus
652 3359 691 3417 et
723 3343 951 3422 nominibus.
1002 3342 1043 3417 ll
1069 3337 1213 3432 Quibus
1237 3344 1423 3436 symbolis
1447 3342 1603 3440 planeta
1635 3345 1883 3439 significatur,
1917 3347 2053 3424 eadem

214 3481 447 3558 conueniunt
470 3477 729 3552 Zodiacalibus
756 3479 961 3572 segmentis
995 3474 1121 3550 eidem
1149 3478 1327 3577 planetae
1360 3501 1404 3552 ac
1426 3477 1593 3551 Domino
1621 3479 1827 3552 subiectis'
1864 3479 1923 3556 lll.
1953 3481 2053 3556 Lon-

215 3615 347 3716 gitndo
368 3617 544 3716 planetae
566 3615 623 3688 ita
640 3613 841 3702 indicatur,
854 3625 899 3688 vt
921 3633 1053 3686 omnes
1072 3608 1227 3686 Zodiaci
1251 3612 1471 3701 diuisiones,
1495 3634 1652 3710 quarum
1677 3615 1718 3686 in
1740 3613 1876 3686 linibus
1899 3615 2054 3712 plancta

216 3753 453 3852 apparuerit,
486 3751 698 3824 afferantur.
750 3747 810 3820 lV.
843 3745 1007 3843 Singulis
1040 3746 1083 3820 in
1106 3743 1286 3821 -versibus
1316 3757 1512 3842 segmenta
1540 3746 1747 3821 zodiacalia
1784 3771 1869 3824 cum
1899 3749 2053 3847 planeta

219 3886 384 3988 quodam
405 3886 604 3962 coniuncta
634 3881 842 3958 secundum
869 3881 1092 3976 dignitatem
1123 3891 1163 3954 et
1193 3878 1377 3955 ambitum
1403 3879 1580 3978 deinceps
1615 3897 1882 3958 enumerantur
1908 3885 2054 3984 (Trigo-

218 4023 430 4122 nodespota
450 4027 531 4110 90⁰,
557 4020 699 4118 passim
727 4039 812 4106 cum
833 4016 1227 4118 'l'etragonodespota3
1248 4013 1801 4116 oecoderpota30⁰‚1)ecsnus
1824 4019 1899 4107 10⁰,
1920 4018 2055 4094 Horio·

220 4157 464 4234 crator·2⁰-
479 4155 555 4245 12⁰,
582 4153 924 4229 Dodecatemorion
949 4151 995 4252 2⁰,
1017 4158 1091 4242 30¹,
1115 4149 1246 4225 Moera
1275 4153 1341 4250 1⁰).
1394 4151 1436 4226 V.
1462 4152 1659 4244 Planetae,
1686 4152 1836 4226 basibus
1862 4156 2057 4230 constituti

219 4295 380 4397 aliisque
405 4291 519 4367 rebus
544 4289 714 4364 distincti
738 4311 762 4362 a
782 4286 936 4387 reliquis
955 4286 1142 4387 personis,
1164 4296 1253 4385 post
1273 4299 1332 4361 tot
1352 4288 1488 4383 figuras
1511 4290 1591 4361 suis
1605 4290 1646 4360 in
1664 4284 1837 4364 versibus
1854 4300 2055 4386 ponuntur,

219 4440 313 4530 quot
336 4427 475 4523 gradum
511 4425 617 4520 Signi
643 4421 915 4522 superauerint
966 4419 1027 4494 Vl.
1056 4421 1237 4496 Planetae
1270 4422 1480 4519 retrogradi
1510 4411 1715 4519 pinguntur
1740 4423 2054 4520 retrospicientes.

220 4563 295 4640 Vll
320 4561 535 4661 Adspectus
558 4557 797 4658 planetarum
818 4554 1013 4652 trigonalis
1037 4567 1078 4630 et
1104 4557 1346 4654 tetragonalis
1370 4555 1641 4654 compositione
1662 4554 1900 4653 planetarum
1926 4567 1965 4628 et
1988 4577 2055 4630 na-

222 4700 328 4774 vium
353 4694 604 4772 zodiacslinm
627 4693 867 4794 (Signornm)
891 4690 1072 4787 singulari
1095 4698 1243 4766 ratione
1267 4693 1503 4792 exprimitru.
1554 4688 1644 4762 vlu.
1663 4690 1843 4766 Planetae
1860 4692 1960 4765 inter
1980 4688 2056 4763 duo

225 4830 340 4926 Signa
364 4832 557 4906 obsentati
581 4831 684 4902 inter
706 4825 802 4902 duos
816 4824 1096 4924 Oeeodespotas
1117 4837 1319 4924 ponuntur.
1367 4823 1429 4898 IX.
1450 4821 1556 4900 Hora
1581 4824 1857 4902 obseruationis
1878 4823 2058 4918 singulari

222 4967 266 5040 in
293 4965 371 5038 loco
400 4965 588 5043 indicatur
610 4959 842 5060 Horoscopo.
891 4957 974 5034 Hae
989 4972 1088 5034 sunt
1110 4959 1213 5054 leges
1235 4959 1460 5056 primariae,
1486 4959 1536 5043 ad
1562 4981 1656 5057 quas
1678 4971 1878 5058 sequentes
1900 4957 2060 5054 inscrip-

225 5102 352 5174 tiones
372 5100 562 5197 explicare
589 5098 747 5190 tentaui,
771 5096 911 5196 quippe
937 5093 1106 5168 omniurn
1130 5093 1404 5170 celeberrimas.

327 5232 513 5322 Zodiacns
534 5235 813 5334 Tentyritious‚
843 5252 943 5306 anno
973 5234 1072 5306 1799
1098 5241 1291 5332 repertus,
1325 5253 1437 5329 quem
1462 5252 1531 5329 pro
1557 5226 1831 5327 antiquissimo,
1855 5226 1933 5298 imo
1959 5231 2063 5296 ante-

1602 5368 1619 5410 o
1636 5355 1655 5411 2
