4904 6100
1159 503 1530 586 ...190-

428 737 469 794 η,
489 735 519 791 s,
542 731 580 789 ο,
602 729 642 788 o,
665 727 702 770 ω.
744 699 790 766 At
810 719 888 764 varo
909 701 942 763 in
973 696 1083 763 oculos
1103 698 1256 779 incurrit,
1284 695 1370 762 bunc
1398 716 1463 762 non
1483 717 1598 762 serum
1619 715 1691 762 esse
1712 709 1747 760 et
1767 697 1933 783 snu'quum
1953 714 1992 762 ac
2016 699 2194 784 genuinum
2215 722 2274 766 vc-

429 826 547 893 calinm
568 821 722 889 ordinem.
763 813 856 881 Alias
878 816 964 878 eninr
985 813 1167 902 docni,(Da
1184 815 1284 880 Sonn.
1297 812 1361 880 litt.
1379 811 1436 880 Gr.
1444 819 1551 903 ιιι),
1576 841 1602 882 ω
1624 811 1846 880 molitorem
1862 833 1951 880 merc
1964 811 2147 898 orsam,
2171 816 2277 884 multo

432 947 535 1011 aerius
555 936 793 1022 excogitatam,
822 944 919 1020 atque
941 931 1140 1020 Aegyptios,
1170 931 1245 998 licat
1274 930 1480 1019 alphabetum
1499 931 1713 998 Hebraicnnt-
1726 951 1798 994 curn
1822 929 2024 1020 Aegyptiace
2041 934 2135 998 initio
2155 955 2277 1002 conne-

432 1065 516 1128 niret
537 1069 570 1120 et
595 1051 708 1118 ordina
730 1062 764 1114 at
785 1061 964 1136 potestate,
988 1062 1055 1114 tras
1076 1048 1189 1116 literas
1211 1053 1344 1138 antiqno
1367 1048 1540 1137 alphabeto
1562 1049 1762 1114 adiunxisse.
1806 1045 1914 1125 Quom
1937 1051 2042 1136 prima
2062 1053 2276 1138 antiquissimi

432 1170 599 1262 alphabeti
619 1167 716 1232 litera
736 1164 835 1232 luerit
856 1187 895 1248 a,
926 1183 966 1248 tt,
988 1167 1094 1253 prima
1113 1189 1194 1234 vero
1216 1166 1257 1232 ab
1279 1167 1451 1254 Aegyptiis
1471 1165 1622 1233 adiuncta
1641 1163 1756 1248 litera,
1779 1177 1862 1232 teste
1883 1164 2074 1248 Plutarcho,
2098 1166 2167 1234 Ibis
2187 1171 2279 1236 autli-

431 1294 531 1366 verit3
562 1285 685 1354 clerum
707 1299 775 1368 eat,
808 1283 857 1350 illi
878 1282 1004 1372 septeni
1033 1283 1191 1358 vocalium
1212 1287 1327 1367 seriei,
1356 1307 1440 1371 qnae
1466 1305 1545 1350 sane
1572 1305 1645 1350 cnm
1667 1285 1896 1372 antiquissimis
1913 1282 2095 1370 alphabetis
2116 1291 2278 1368 conuenit,

431 1431 530 1478 sumn
551 1403 717 1486 vocalem,
739 1404 857 1490 quippe
878 1400 980 1466 Ibidis
997 1400 1126 1467 literam
1148 1403 1342 1488 praecedere
1364 1400 1494 1485 debere,
1516 1401 1663 1468 vocalem
1685 1427 1711 1467 ar
1733 1422 1813 1470 sero
1833 1401 2044 1466 omittendam
2062 1423 2146 1472 esse.
2191 1405 2279 1474 Coa·

434 1542 499 1594 stat
522 1539 651 1606 antem,
683 1521 807 1587 Ibidem
828 1515 1078 1606 Hieroglyphice
1108 1518 1219 1586 valere
1249 1534 1282 1584 et
1310 1521 1515 1606 pronunciari
1536 1540 1576 1602 o,
1599 1532 1636 1583 ιι
1661 1522 1696 1586 in
1728 1521 1858 1584 nomine
1880 1519 2021 1590 Arnosis
2045 1520 2289 1612 -llincitsque‘

436 1647 516 1712 ordo
548 1639 709 1710 vocalium
738 1637 823 1724 apud
853 1636 1033 1722 Aegyptios
1059 1636 1122 1701 fnit
1150 1635 1218 1704 bio:
1254 1639 1335 1718 ab,
1366 1642 1434 1706 ab
1467 1637 1558 1722 (zac
1579 1640 1629 1716 2,
1658 1657 1681 1700 o
1703 1637 1764 1720 li),
1790 1643 1980 1721 emo,
2002 1640 2074 1720 ιδ,
2095 1647 2175 1725 etp,
2196 1643 2278 1727 up.

436 1759 573 1827 Vocalis
592 1783 612 1822 o
634 1778 725 1838 vero,
748 1767 785 1821 ιι
810 1753 891 1818 alias
913 1753 1132 1818 demonstrari
1153 1754 1301 1840 quodque
1322 1755 1428 1838 ipsum
1450 1752 1643 1817 Latinorum
1664 1753 1787 1820 v=Y
1808 1755 2025 1836 demonstrat,
2047 1756 2142 1820 initio
2162 1778 2185 1824 ss
2204 1779 2278 1845 pso·

436 1879 623 1945 nunciatum
642 1873 724 1955 init,
755 1873 856 1936 donec
876 1868 978 1935 molto
1011 1883 1086 1956 post
1114 1867 1230 1934 literae
1252 1891 1271 1933 o
1292 1896 1312 1935 o
1336 1871 1532 1956 compositae
1554 1891 1576 1932 a
1599 1869 1733 1936 Graecis
1758 1891 1819 1956 pro
1838 1892 1861 1935 ι
1882 1868 2123 1946 adhiberentur.
2167 1873 2280 1960 ltaque

437 1995 491 2063 vel
505 2009 622 2061 natura
642 1993 797 2075 cuiusque
818 1985 939 2052 vocalis
958 1985 1161 2073 singulorum
1183 1986 1388 2074 planetarum
1409 1988 1534 2052 naturis
1555 1987 1797 2054 accommodata
1819 2001 1964 2075 apparet.
2003 1987 2280 2065 Quemadmodum

438 2115 524 2179 enim
544 2113 578 2176 in
606 2109 729 2172 musica
760 2105 830 2170 soni
859 2105 1005 2169 maxime
1026 2102 1105 2169 clari
1130 2117 1165 2170 et
1185 2107 1289 2191 aperti
1309 2106 1422 2191 primia
1442 2101 1603 2190 planetis,
1637 2104 1839 2170 obscuriora
1859 2102 1981 2170 ultimis
2003 2105 2116 2174 tributi
2133 2109 2280 2188 iuoennt3

439 2236 486 2296 ita
507 2242 541 2294 et
560 2229 593 2292 in
615 2226 759 2290 oratione
781 2221 922 2286 bumana
942 2219 1008 2298 M
1037 2242 1113 2305 ao,
1135 2242 1158 2287 s
1178 2219 1350 2288 obscurum
1376 2220 1403 2305 A
1430 2221 1567 2288 obscuro
1591 2227 1639 2310 (p.
1649 2223 1717 2306 te.)
1736 2223 1883 2308 contigit.
1925 2221 2280 2313 Sane-obiicipoterit,

440 2349 503 2412 hoc
522 2348 557 2409 in
579 2339 740 2407 vocalium
769 2340 880 2404 ordine
908 2338 989 2402 duos
1018 2359 1089 2404 asse
1115 2357 1137 2401 c
1159 2360 1266 2405 sonos.
1306 2339 1352 2406 At
1372 2351 1470 2425 poto,
1501 2339 1639 2406 alterum
1661 2361 1683 2404 a
1705 2350 1905 2425 correptum,
1935 2335 2074 2404 altarum
2092 2345 2282 2426 productum

440 2465 558 2544 fumea,
581 2471 654 2536 aot,
676 2458 761 2546 qnod
782 2454 981 2544 probabilius
1001 2467 1069 2536 est,
1092 2475 1116 2520 o
1136 2457 1163 2526 b
1184 2453 1225 2520 ab
1246 2476 1269 2520 o
1292 2460 1315 2540 b
1342 2455 1441 2542 paulo
1466 2457 1628 2522 dioemnm
1649 2456 1750 2521 ῐιιὶιιι
1771 2457 1897 2538 sonitu,
1925 2467 1963 2519 ιι
1984 2475 2006 2519 a
2029 2471 2177 2524 nostrum
2198 2458 2239 2524 ab
2260 2481 2282 2524 s

443 2579 600 2668 Anglioo,
635 2587 691 2639 ant
723 2553 744 2640 ιῗ
772 2571 916 2654 Danico,
953 2574 996 2639 ad
1024 2575 1175 2668 instar:
1211 2585 1246 2640 et
1269 2570 1569 2674 -Fllebraeornm,
1606 2574 1662 2658 qni
1694 2570 1747 2636 vel
1785 2575 1849 2660 ipsi
1874 2585 1999 2659 septem
2029 2576 2168 2660 signis„
2185 2597 2283 2662 qunrn

440 2735 466 2792 “-
497 2711 529 2762 et
552 2741 584 2790 τ’
603 2693 667 2756 duo
701 2702 927 2772 numerantur,
969 2706 1092 2778 septem
1126 2690 1257 2758 vocales
1292 2690 1541 2782 distinxerunt..
1564 2689 1634 2754 lam
1663 2692 1761 2782 satist
1796 2690 1882 2756 inira
1910 2692 1994 2756 anim
2019 2691 2136 2756 iusim.
2153 2692 2196 2758 de
2220 2693 2283 2758 boc

443 2824 644 2906 arguerento.

1140 3015 1591 3104 Conclusio

531 3175 624 3253 Quae
645 3175 710 3236 iam
741 3171 974 3257 disputauimns
1000 3173 1039 3240 de
1065 3174 1249 3242 numinibus
1269 3176 1477 3263 Aegyptiacis
1504 3175 1665 3262 rebusque
1692 3177 1734 3241 iis
1757 3176 1876 3252 sacris,
1904 3194 1977 3258 ea‚‚
1992 3193 2089 3262 qnam
2120 3170 2286 3237 veteribus

446 3290 655 3384 scriptoribus
680 3287 778 3354 fidant
799 3289 960 3377 denegare
982 3293 1074 3358 naias
1096 3308 1163 3376 est,
1186 3293 1366 3360 loculenter
1387 3291 1532 3374 docent,‘
1545 3293 1725 3380 Aegyption
1748 3292 1865 3380 duplici
1886 3291 1980 3358 modo
2003 3291 2162 3356 elementa
2184 3301 2286 3354 astro-

445 3417 591 3492 uomica,
621 3422 689 3472 turn
719 3406 882 3491 planetas,
916 3420 983 3471 tum
1009 3407 1142 3474 Zodiaci
1169 3425 1298 3497 partes,
1329 3410 1370 3474 de
1397 3431 1460 3496 quo
1490 3422 1565 3474 ante
1601 3411 1709 3475 omnia
1737 3410 1956 3496 quaerendum
1982 3419 2072 3491 erat,
2103 3409 2285 3494 exprimere

444 3533 647 3620 potuissene
669 3523 837 3602 debuisse,
871 3520 973 3588 altero
991 3507 1186 3610 phenolion,
1215 3528 1318 3594 altero
1348 3523 1534 3614 symbolico.
1590 3524 1866 3604 Quemadmodum
1897 3548 1976 3615 ergo
1999 3546 2060 3592 nos
2087 3525 2238 3613 planetas
2256 3539 2286 3590 et

445 3649 539 3734 signa
559 3641 690 3708 zodiaci
712 3655 768 3706 aut
789 3639 987 3727 appellamus
1010 3646 1110 3710 variis
1133 3645 1317 3712 nominibus
1339 3658 1372 3711 et
1393 3641 1657 3731 cognominibus,
1680 3659 1736 3711 ant
1757 3643 1977 3732 signilicamns
1997 3641 2166 3710 scribendo
2185 3644 2285 3730 signis

447 3759 637 3849 quibusdam
660 3772 693 3823 et
712 3757 827 3845 figuris
845 3759 1080 3846 singularibua;
1101 3765 1149 3828 ita
1171 3777 1204 3830 et
1225 3762 1311 3851 apud
1333 3762 1513 3849 Aegyption
1535 3761 1661 3828 accidit.
1708 3763 1882 3830 Vberrima
1903 3772 2013 3828 autent
2035 3773 2085 3826 est
2109 3759 2286 3846 Aegyptio·

447 3899 519 3942 rum
539 3873 712 3960 symbolice
731 3880 955 3944 astronomica.
999 3876 1158 3955 Quamuis
1176 3884 1262 3948 enirn
1280 3881 1476 3968 paucissima
1493 3881 1588 3966 signa
1610 3879 1813 3947 suffecissent
1829 3882 1870 3946 ad
1891 3875 2122 3966 significandos
2140 3875 2286 3964 planetas

449 4015 622 4080 eorumque
644 3991 716 4056 loca
736 3995 904 4060 indicanda
926 3999 959 4062 in
982 3999 1110 4084 scriptis
1136 3999 1377 4074 astronomicis;
1409 3994 1483 4062 tulit
1505 4009 1636 4078 tanuen,
1665 4010 1702 4062 vt
1720 3999 1876 4079 vidimus,
1907 3995 2144 4082 Acgyptiorum
2161 3991 2284 4080 religio,

447 4127 484 4179 vt
506 4109 741 4200 quamplurima
764 4112 909 4196 symbola
931 4120 1149 4184 astronomica
1171 4119 1368 4193 existerent,
1386 4135 1512 4200 usuque
1532 4116 1691 4179 venirent.
1736 4113 1851 4202 Neque
1872 4111 2006 4178 dubium
2028 4125 2090 4192 est,
2110 4115 2187 4199 quin
2205 4133 2290 4197 sym·

448 4229 554 4296 bolice
583 4229 797 4294 astronomica
824 4229 925 4297 rnulto
953 4234 1033 4300 odeo
1060 4232 1191 4300 uberior
1221 4237 1264 4301 sit
1294 4254 1350 4315 ea,
1384 4251 1482 4319 quam
1504 4254 1524 4297 e
1549 4229 1716 4297 veteribus
1743 4231 1954 4318 scriptoribus
1978 4231 2112 4296 iamiam
2138 4233 2291 4294 eruimus.

451 4347 634 4416 Doleudnm
653 4367 752 4429 sane,
770 4362 898 4414 veteres
918 4372 983 4415 non
1006 4352 1287 4437 comprehendisse
1306 4347 1463 4435 nobisque
1486 4349 1656 4416 tradidisse
1673 4351 1769 4414 unius
1789 4346 1864 4414 libri
1885 4347 2058 4427 volumine,
2080 4365 2293 4432 quaecunque

451 4467 492 4530 ad
512 4462 705 4550 symbolicam
726 4463 956 4551 Aegyptiorum
979 4471 1228 4536 astronomicam
1250 4481 1450 4554 spectarent;
1480 4468 1537 4534 sed
1558 4468 1671 4553 negari
1691 4468 1821 4552 nequit,
1851 4486 1935 4552 qnae
1952 4477 2080 4527 veteres
2101 4461 2144 4526 da
2164 4484 2206 4528 eo
2227 4477 2293 4528 tra·

452 4579 616 4655 didernnt‚
650 4582 709 4644 etsi
732 4583 920 4666 imperfecta
942 4609 1001 4653 nec
1028 4609 1103 4653 raro
1126 4583 1342 4667 subobscura,
1373 4609 1414 4651 ea
1435 4583 1581 4652 sufficere
1604 4583 1645 4648 ad
1664 4584 1784 4669 scripta
1807 4581 2038 4667 Aegyptiorum
2061 4583 2292 4662 umonomicsn

453 4695 653 4782 paucissimis
674 4699 839 4781 exceptis,
869 4707 948 4770 satis
969 4706 1034 4770 iam
1056 4703 1276 4791 intelligendo.
1319 4702 1499 4790 Apparebit
1530 4704 1635 4779 enim,
1663 4701 1840 4764 maximam
1863 4695 2044 4782 figurarum
2072 4695 2295 4784 hieroglyphi-

454 4833 562 4876 carum
584 4823 721 4896 partem,
744 4837 825 4900 quae
848 4818 887 4881 ad
908 4825 1136 4889 astronomiam
1157 4835 1314 4908 spectent,
1335 4823 1465 4886 iamiam
1481 4842 1502 4886 a
1521 4815 1687 4883 veteribus
1706 4820 1825 4882 nostris
1845 4813 2036 4901 explicitam
2058 4835 2141 4880 esse.
2182 4807 2295 4889 Quum

454 4947 532 4991 raro
554 4926 619 4992 alia
639 4929 732 5016 signa
754 4933 867 5016 ignota
886 4937 1063 5025 inscriptis
1087 4939 1309 5005 astronomicis
1329 4935 1422 5004 nobis
1445 4949 1633 5018 occurrant,
1657 4948 1725 4998 tum
1747 4934 1795 4997 ita
1815 4933 2011 4999 venandum
2031 4933 2113 5013 erit,
2134 4932 2232 4995 utils
2253 4931 2296 4996 de

455 5043 639 5108 coniectura
665 5045 801 5135 aliquem
831 5050 1046 5137 significatum
1075 5055 1273 5137 tribuamus,
1313 5069 1431 5122 euentu
1460 5051 1747 5140 comprobandum.
1796 5045 1908 5130 Quum
1936 5052 2022 5116 enim
2051 5045 2124 5112 aliis
2151 5048 2186 5112 in
2214 5045 2298 5114 locis

457 5159 568 5226 eadem
592 5161 685 5244 signa
704 5149 912 5246 probabiliter
933 5169 1091 5256 explicita
1111 5171 1197 5236 idem
1217 5170 1402 5258 significare
1427 5171 1724 5260 deprehendantur;
1745 5183 1824 5230 esse
1844 5165 2085 5232 concedendam
2106 5166 2186 5244 erit,
2207 5177 2300 5228 recta

457 5301 477 5350 a
497 5275 589 5344 uobis
614 5277 789 5342 coniectum
810 5281 920 5347 inisse.
964 5284 1115 5352 Ceterum
1137 5291 1261 5356 etiamsi
1292 5299 1421 5354 veteres
1450 5291 1603 5375 pauciora
1624 5287 1666 5354 de
1693 5282 1868 5373 symbolice
1890 5282 2127 5370 Aegyptiorum
2148 5293 2301 5349 mono-
