4904 6100
792 513 1363 616 ’--215----ι

173 705 320 790 sudamus)
340 715 436 790 atquc
461 701 617 788 sspdmus
645 713 679 766 et
707 709 843 768 octauus
864 701 1002 772 Cabirus
1030 705 1149 771 diserte
1169 707 1210 774 ad
1238 713 1261 792 ζ
1290 723 1356 775 tum
1386 705 1566 794 planetam,
1596 721 1664 793 tum
1685 712 1712 794 2
1736 707 1900 785 dominum
1919 713 2003 780 reis·

174 843 278 894 rantur
295 822 357 908 (11.
374 821 404 897 i.
424 824 456 886 8.
471 841 502 904 p.
519 819 617 902 itit).
659 816 767 896 Quum
789 839 867 884 vero
885 821 1000 906 Ἕρμης
1028 821 1216 911 plerumque
1239 826 1280 890 ad
1302 835 1325 910 tt
1345 825 1756 914 planetam,Aesculapius
1777 848 1856 893 vero
1878 840 1947 894 tum
1966 832 1999 895 iu

174 947 239 1026 hoc,
261 957 330 1006 tum
353 935 426 1005 aliis
444 934 578 1002 inlotis
598 936 638 1000 ad
654 933 817 1002 lniomum
839 949 1061 1026 terrarumque
1077 941 1186 1006 orbem
1210 944 1536 1022 omnimrcfcrstun
1565 943 1853 1030 cogitandumesse
1872 944 2002 1010 videtur

169 1061 205 1126 ds
226 1057 431 1142 Aesculapio,
452 1067 557 1118 tarrac
578 1052 723 1138 symbolo
744 1052 797 1120 sel
818 1053 959 1120 donnino.
1252 1059 1289 1128 θ

248 1178 282 1258 1,
308 1180 342 1240 7.
365 1172 530 1258 Tempus,
561 1191 624 1257 quo
646 1169 726 1236 baec
743 1184 908 1272 'asnorum
936 1169 1120 1238 obseruatio
1143 1173 1229 1240 lucta
1252 1177 1312 1258 sit,
1344 1175 1430 1240 inira
1448 1180 1624 1262 repetitur,
1654 1179 1778 1264 despue
1797 1179 1891 1264 ride,
1921 1201 2004 1267 quac

172 1297 320 1360 mactata
339 1304 426 1356 sant.

247 1415 281 1496 l,
306 1419 362 1478 11.
383 1409 442 1474 Ex
464 1404 563 1470 verbo
594 1409 786 1492 ψηφεισθυς
814 1403 936 1470 clarum
958 1419 1027 1486 est,
1056 1405 1146 1471 illam
1174 1406 1377 1492 planetarum
1405 1408 1681 1480 constellationem
1711 1410 2003 1498 computationibus

169 1536 330 1598 inuentum
352 1549 435 1592 esse.
478 1521 563 1588 Hinc
584 1522 682 1586 edam
701 1515 903 1606 intelligitur,
926 1541 982 1584 eur
1002 1534 1133 1586 nostrae
1156 1521 1287 1588 tabulae
1310 1525 1544 1592 astronomicae
1564 1523 1733 1612 paululum
1757 1528 1938 1613 discrepent
1960 1527 2001 1592 ab

171 1651 309 1714 auctoris
330 1643 568 1727 computatione
591 1638 708 1723 qnippe
729 1639 835 1703 minus
858 1651 1007 1702 accurata
1027 1651 1062 1704 st
1082 1651 1180 1702 certa.
1928 1717 1932 1724 .

252 1765 308 1845 Π,
332 1768 363 1824 1.
383 1755 498 1824 Libelli
519 1755 622 1820 nostri
652 1765 876 1837 argumentum
899 1753 950 1820 bis
972 1753 1080 1820 verbis
1100 1755 1274 1822 indicatur:
1307 1780 1423 1840 ymrotr
1439 1754 1606 1837 Ἀνουβιω,
1638 1762 1791 1828 natiuitas
1811 1761 2002 1829 Anubionis.

171 1877 432 1955 Conscientia,
454 1893 550 1960 quum
571 1870 678 1935 inians
700 1885 902 1954 nasceretur,
935 1873 1113 1960 Aegyption
1134 1872 1338 1960 planetarmn
1368 1873 1441 1938 loen
1470 1872 1660 1940 obseruasse
1681 1889 1713 1941 et
1732 1891 1880 1956 notasse,
1904 1898 2002 1964 quum

169 1996 249 2060 inde
268 1994 406 2058 intusum
425 1991 492 2056 uati
507 2001 626 2054 sortem
647 1984 787 2071 pendere
809 1999 960 2072 putarent
986 1990 1122 2072 (Sextus
1139 1991 1263 2078 Empir.
1277 1990 1352 2058 adu.
1367 1989 1533 2078 Astrolog.
1546 1991 1587 2058 L.
1596 1990 1640 2055 V.
1656 2011 1683 2056 c.
1693 1997 1744 2058 27.
1761 2000 1877 2079 p.342.
1894 1992 2002 2079 st.).

172 2111 332 2178 Natiuitas
354 2129 432 2195 ergo
451 2109 525 2192 ipsa
545 2119 595 2170 est
621 2103 824 2190 planetarum
848 2106 1049 2176 constellatio
1081 2119 1168 2172 certo
1196 2120 1341 2192 tempore
1371 2106 1545 2174 obseruata
1573 2123 1605 2174 et
1632 2123 1753 2175 notata.
1796 2109 1904 2186 Quum
1923 2111 2004 2176 baec

172 2251 308 2316 papyrus
333 2231 365 2292 in
396 2227 477 2290 cista
506 2220 686 2288 Anubicnis
707 2219 878 2308 sepulcrali
906 2240 1034 2312 reperta
1057 2224 1173 2300 luetltt
1208 2227 1369 2310 sequitur,
1399 2245 1537 2312 papyros
1563 2223 1822 2312 frequentissime
1842 2230 1877 2291 in
1898 2226 2006 2312 sepul·

169 2345 306 2412 cralibns
334 2344 423 2407 cistis
446 2343 594 2405 inuentus
616 2339 758 2404 eiusdem
783 2343 911 2425 generis
937 2342 1124 2408 natiuitstes
1145 2343 1319 2442 continere.
1364 2339 1490 2408 Nomen
1509 2341 1660 2424 Ἀνουβιω
1681 2343 1847 2409 vocabulis
1871 2363 2006 2440 ANOYB

168 2469 261 2562 (m,
283 2465 348 2542 atu,
375 2477 484 2553 Νογῃ
505 2456 606 2521 colum
629 2457 778 2540 ocream)
803 2469 900 2544 atque
920 2479 986 2550 tog
1008 2460 1105 2526 Luna
1126 2473 1274 2524 constare
1287 2460 1426 2524 videtur.
1469 2457 1619 2523 Solemus
1642 2463 1726 2525 enim
1747 2475 1816 2526 erat
1837 2462 2007 2550 Aegyptiis

170 2605 203 2646 a.
220 2581 293 2646 Diis
317 2581 485 2646 desumere
515 2575 645 2638 nominc
676 2585 842 2655 natorum,
872 2588 969 2662 atque
997 2580 1020 2658 ἕ
1050 2590 1083 2642 et
1110 2583 1138 2654 2
1171 2576 1358 2662 saepissimo
1388 2575 1627 2662 coniunguntur
1655 2575 1755 2658 (Tab.
1773 2577 1816 2644 ΙΙ.
1832 2581 1916 2666 sign.
1935 2583 2004 2660 H),

165 2699 252 2786 quod
277 2701 373 2764 etiarn
393 2695 524 2760 tradunt
548 2689 768 2756 Tertullianus
792 2690 870 2777 (Ap.
895 2713 922 2756 c.
936 2690 1033 2778 v1.)‚
1059 2691 1138 2758 Min.
1158 2691 1255 2758 Felix
1281 2691 1369 2778 (Oct.
1387 2713 1415 2756 c.
1431 2691 1516 2775 21.),
1537 2689 1666 2778 aliique.

252 2817 383 2884 Literae
404 2837 459 2888 νος
488 2795 610 2878 {nihil
639 2807 726 2874 aliud
759 2807 960 2894 significant,
992 2831 1087 2897 qnam
1119 2809 1259 2878 Nomum
1288 2809 1521 2896 Aegyptiorum
1552 2823 1694 2876 sextum.
1722 2785 1889 2897 ¹Sequitur
1920 2813 2007 2876 anim

166 2935 255 3001 vrbis
273 2931 442 3000 cuiusdam
464 2947 599 3007 nomen3
631 2939 727 3013 atque
757 2929 909 2992 momenti
938 2930 1061 2994 eratin
1089 2927 1280 3014 astrologis,
1309 2946 1407 3010 quum
1428 2924 1596 3012 Aegyptus
1622 2930 1724 2992 instar
1745 2927 1874 2992 zodiaci
1901 2927 2006 2992 diuisa
2138 2953 2142 2962 ·

163 3054 265 3118 luerit
284 3047 342 3134 (ll.
359 3047 391 3123 i.
407 3051 439 3110 ti.
455 3067 487 3132 p.
502 3049 556 3110 90.
570 3039 657 3107 Tab.
673 3040 718 3107 ll.
738 3037 802 3107 No.
818 3041 915 3126 111.>,
939 3047 1039 3121 scire,
1062 3061 1126 3126 quo
1147 3043 1218 3108 loco
1238 3039 1355 3126 aliquis
1375 3055 1469 3105 natus
1492 3057 1594 3118 asset,
1616 3043 1740 3106 scilicet
1759 3065 1823 3130 quc
1844 3045 1877 3108 in
1899 3041 2005 3109 Nomn

164 3183 199 3233 et
222 3170 327 3252 l’agc,
353 3161 456 3226 veluti
477 3161 618 3226 Decuria
640 3173 674 3222 ct
695 3159 810 3222 llorio.
853 3157 979 3252 Ncmns
998 3179 1077 3220 vero
1096 3155 1238 3244 Aegypti
1256 3167 1382 3246 aestus,
1412 3157 1436 3238 ἢ
1467 3176 1568 3238 sacer,
1600 3157 1640 3221 ad
1660 3153 1852 3224 Thebanam
1871 3161 2004 3247 prouin-

164 3287 276 3362 ciam,
305 3293 340 3344 vt
368 3289 512 3355 constat,
538 3272 727 3358 pertipebat.
769 3273 855 3340 Hinc
874 3274 969 3340 facile
985 3271 1192 3360 intelligitur,
1225 3294 1281 3337 cur
1311 3274 1431 3337 mumia
1452 3271 1633 3340 Anubionis
1657 3297 1728 3341 cum
1750 3299 1873 3364 papyro
1895 3291 2006 3344 nostra

165 3403 206 3466 iu
231 3375 386 3483 sepulcris
405 3387 570 3456 Thebanis
597 3406 724 3477 reperta
753 3392 861 3459 luerit.
904 3390 1070 3477 Oppidum
1090 3387 1272 3456 Anubionis
1299 3392 1440 3476 patrium
1462 3408 1600 3472 ψενενειτ
1622 3405 1689 3476 est,
1719 3394 1817 3459 vnde'
1833 3411 2005 3476 ψενενειτες

164 3518 304 3582 dicitur.
345 3509 417 3574 Etsi
445 3503 522 3574 urbs
547 3505 599 3572 vel
630 3529 734 3595 pagus
760 3509 856 3574 buius
887 3510 1025 3574 nominis
1048 3528 1068 3572 a
1088 3506 1286 3596 geographis
1317 3523 1381 3568 nou
1414 3503 1585 3581 efferatum
1616 3507 1717 3573 multa
1748 3523 1854 3574 tamen
1875 3511 2005 3574 uomina

163 3627 392 3722 geographica
412 3621 558 3690 similiter
577 3626 750 3712 incipiunt,
779 3638 814 3690 vt
839 3623 988 3712 Ψεντρις,
1018 3623 1166 3707 ²llestepcc,
1201 3623 1349 3704 Ψενεται,
1386 3620 1545 3708 Ψιναφος,
1580 3625 1777 3701 Ψινεκτασις,
1799 3645 2004 3716 nemum,

163 3753 251 3849 (Π)
258 3740 463 3845 Qum-'Am'
468 3791 481 3832 ,
508 3743 774 3840 (nummu
796 3755 829 3807 ct
859 3741 923 3808 alia
956 3739 1067 3806 multa.
1121 3736 1249 3804 Scilicet
1280 3736 1470 3804 vccabulum
1497 3759 1642 3837 11.me
1673 3739 1819 3824 hortans,
1860 3762 2005 3826 compsss

158 3875 330 3944 cometam,
350 3857 434 3948 ipsos
455 3856 629 3946 significat.
664 3857 747 3934 *Qua
769 3859 810 3924 de
829 3877 926 3924 cansa
946 3853 1115 3943 probabile
1137 3867 1204 3939 est,
1235 3855 1297 3920 hoc
1316 3858 1445 3921 nemim
1466 3877 1522 3920 eas
1541 3854 1685 3943 Aegypti
1705 3871 1815 3946 partes
1834 3861 2005 3946 insignitas
2135 3871 2139 3880 '

155 3989 286 4066 luisse,
309 3999 392 4068 quac
412 3977 519 4042 Horiti'
544 3955 639 4040 alicui
664 3975 813 4055 coelesti,
838 3973 892 4038 vel
913 3975 1030 4040 minori
1051 3971 1273 4060 partiunculae
1293 3972 1522 4057 responderent
1540 3971 1645 4056 (114.
1660 3981 1693 4042 6.
1709 3999 1743 4064 p.
1758 3975 1839 4063 em).
1882 3975 2005 4040 Saltem

157 4125 323 4184 persana,
346 4109 677 4192 n-errt-tt-sutto
699 4093 858 4182 significat
877 4091 1006 4158 lurtum
1019 4087 1177 4171 Nattae,
1198 4087 1252 4154 vel
1272 4087 1450 4158 Musicae.
1493 4090 1592 4159 Neitb
1614 4116 1704 4174 vero,
1723 4094 1776 4160 vel
1798 4091 2007 4175 limorum&

16 4285 17 4302 ἢ
161 4237 213 4286 est
236 4219 416 4311 femininus
435 4225 530 4298 atque
551 4212 585 4274 iu
604 4207 713 4278 Nomo
734 4221 830 4278 sexto
852 4208 979 4274 Horicn
998 4208 1027 4284 ὃ
1045 4219 1113 4289 est,
1140 4207 1225 4293 quod
1245 4227 1323 4272 sanc
1344 4225 1588 4308 mmmm·
1607 4213 1717 4276 vocari
1738 4223 1876 4295 poterat,

251 4335 298 4418 ll,
318 4339 372 4398 10.
388 4335 448 4432 ⁶13,
486 4325 689 4415 Quamquam
718 4329 842 4392 numeri
863 4352 882 4412 y
903 4339 937 4391 et
963 4323 1081 4404 {clari
1102 4334 1193 4404 snut,
1223 4337 1357 4391 exstant
1378 4340 1487 4395 tamen
1508 4343 1619 4415 posty
1640 4341 1672 4392 et
1694 4328 1889 4414 (quamam
1911 4327 2005 4412 sigua

169 4449 308 4514 obscura
332 4459 367 4512 et
391 4449 515 4534 ignota.
558 4443 666 4520 Quum
694 4445 719 4530 i)
750 4458 783 4512 et
816 4451 871 4528 η,
901 4455 975 4530 post
1002 4461 1137 4530 quorum
1170 4439 1373 4510 solummodo
1402 4443 1476 4511 loca
1506 4446 1709 4531 reperiuntur
1734 4441 1817 4529 sigla
1840 4443 1915 4520 illa,
1946 4439 2009 4508 soli

165 4576 290 4632 essent
305 4563 359 4626 illc
373 4575 518 4649 tempore
531 4563 730 4650 retrogradi;
751 4576 843 4650 pato,
856 4562 938 4628 baec
957 4559 1041 4650 sigla
1061 4559 1203 4626 indicare
1217 4562 1337 4646 gradus
1358 4581 1469 4626 eorum
1486 4579 1641 4625 recessus.
1685 4560 1728 4624 Et
1749 4581 1865 4646 reapse
1879 4577 2008 4646 agnum

17 4695 18 4702 ’
162 4694 251 4771 post
281 4679 309 4763 b
340 4683 486 4763 positum,
509 4682 628 4767 quippe
649 4683 704 4766 qui
724 4682 790 4746 iam
809 4693 933 4768 septem
954 4681 1074 4769 gradus
1093 4679 1237 4759 recessit,
1255 4675 1451 4742 simillimum
1472 4689 1524 4742 est
1547 4675 1637 4755 ivel
1658 4699 1792 4743 numero
1814 4678 2008 4763 septenario.

17 4859 18 4876 ,
163 4801 252 4865 Post
266 4797 302 4868 il
323 4815 405 4858 vera
425 4799 582 4882 reperitur
603 4795 700 4863 litera
719 4802 754 4878 tt,
777 4819 861 4883 quae
884 4799 964 4866 duca
984 4798 1106 4886 gradus
1125 4793 1307 4881 siguificare
1328 4795 1467 4876 ridetur,
1491 4797 1698 4882 quantiam
1719 4797 1845 4860 circiter
1866 4793 2010 4857 recessit.
2052 4800 2056 4816 '

162 4917 230 4984 De
252 4935 314 5002 quo
333 4912 420 4980 infra
438 4913 553 4980 fusius.

263 5028 324 5095 111.
340 5037 371 5096 4.
414 5031 627 5117 Horcsccpus
647 5031 709 5098 lmc
728 5028 799 5096 loco
821 5049 918 5094 seusu
940 5031 1093 5096 strictiori
1114 5027 1228 5092 dicitur
1249 5026 1290 5092 de
1310 5041 1427 5112 puncto
1448 5026 1613 5114 eclipticas
1634 5031 1705 5113 ipsc
1725 5027 1905 5093 natiuitatis
1926 5039 2008 5091 tem·

156 5170 254 5240 pora
280 5149 315 5212 in
346 5160 557 5234 conspectum
587 5150 737 5214 veniente
767 5145 927 5234 (14⁴4.
952 5146 1079 5231 plia).
1127 5141 1225 5220 Quod
1257 5142 1361 5210 obiter
1395 5144 1660 5210 demonstremus.
1702 5143 1840 5210 Scilicet·
1859 5143 2008 5229 genitura

153 5265 351 5336 Anubicnis
380 5264 561 5332 obtinuisse
590 5264 707 5332 dicitur
728 5267 833 5352 prima
859 5264 924 5332 diei
950 5263 1050 5346 hora,
1078 5263 1265 5330 icimur
1295 5263 1486 5350 principium
1515 5274 1548 5330 ct
1577 5259 1676 5328 finem
1704 5261 1802 5330 borae
1823 5259 2006 5326 matutinae
