4896 6096
1160 510 1523 592 -122—

430 722 508 790 Scth
529 723 551 802 h
574 719 779 785 conueniunt.
824 710 975 776 Ceterum
998 707 1108 774 Thoth
1131 709 1229 772 etiam
1255 705 1290 776 Θ
1315 707 1348 770 iu
1379 700 1526 768 domibus
1556 703 1579 779 β
1610 695 1813 785 siguificare,
1849 694 1955 758 innuit
1973 692 2141 778 Diogenes
2163 691 2263 776 (Hist.

432 837 516 905 Phil.
530 839 627 916 init),
655 854 751 918 quum
774 832 809 900 Θ
831 823 1000 905 adscribit,
1027 843 1109 909 quae
1129 827 1153 904 b
1174 823 1379 888 conueniunt.
1423 820 1508 887 Nam
1529 819 1564 888 Θ
1585 821 1619 884 iu
1640 815 1842 902 planetarum
1862 809 2010 876 domibus
2032 831 2143 882 eorum
2159 808 2268 876 'iserd-

433 970 516 1020 tates
542 951 686 1018 assumit.
730 945 933 1029 Quamquam
954 939 1065 1005 Thoth
1089 943 1215 1005 nonnisi
1236 939 1276 1004 ed
1298 936 1479 1025 planetam,
1499 939 1539 1002 ad
1563 935 1695 1002 zodiaci
1716 933 1810 1018 signe
1832 929 1976 1016 aliasque
1997 930 2067 992 eius
2089 940 2210 1012 partes,
2238 932 2261 1008 tt

433 1071 605 1148 subiectus,
632 1087 651 1128 a
671 1061 833 1128 veteribus
854 1059 969 1124 referri
991 1056 1131 1137 ridetur3
1153 1073 1232 1144 puto
1255 1070 1373 1132 tamen,
1396 1054 1480 1120 huuc
1500 1052 1688 1119 Thouthum
1710 1052 1806 1115 etism
1829 1061 1987 1112 terrarum
2010 1043 2122 1110 orbem
2143 1043 2268 1132 siguifi-

434 1207 518 1252 care.
561 1182 689 1247 Scilicet
710 1180 828 1244 diserte
843 1175 1006 1256 Clemens,
1028 1173 1144 1240 Cicero
1164 1173 1283 1261 aliique
1306 1171 1437 1237 uadunt
1460 1170 1570 1256 (supra
1584 1171 1615 1244 i.
1630 1177 1651 1232 2
1667 1182 1701 1234 et
1714 1173 1747 1234 3.
1761 1187 1838 1253 pag.
1853 1162 1933 1248 iis),
1958 1175 2107 1227 octauum
2124 1161 2267 1230 Deorum

436 1303 670 1388 Aegyptiorum
695 1320 766 1362 ease
792 1294 963 1374 mundum,
991 1313 1051 1356 seu
1072 1303 1228 1356 terrarum
1255 1290 1378 1356 orbem.
1420 1289 1463 1355 Et
1492 1309 1570 1354 saue
1596 1309 1640 1352 ex
1663 1281 1868 1372 philosophia
1898 1279 2098 1368 Aegyptiace
2125 1285 2149 1357 δ
2177 1280 2270 1346 Deus

435 1419 498 1484 dici
522 1431 554 1482 et
576 1417 638 1482 coli
658 1426 795 1503 poterat.
839 1408 1116 1488 Quemadmodum
1138 1410 1223 1472 enim
1244 1412 1283 1491 Θ
1307 1420 1339 1472 et
1364 1415 1414 1489 2,
1445 1409 1491 1472 ita
1514 1409 1593 1481 οἰδ
1623 1405 1689 1469 rim
1711 1400 1870 1488 quandam
1889 1400 1922 1462 in
1948 1397 2046 1461 rebus
2065 1400 2271 1483 procreandis

438 1534 658 1622 augendisque
688 1546 721 1596 et
748 1529 945 1595 maturandis
983 1525 1163 1589 discernere
1197 1537 1230 1589 et
1258 1523 1432 1590 obseruare
1467 1522 1555 1588 licet.
1605 1522 1706 1586 Porro
1737 1539 1809 1583 cum
1838 1529 1962 1601 septem
1993 1514 2130 1600 planetis
2158 1519 2271 1581 urunia

438 1665 568 1739 praeter
585 1648 733 1736 planetas
754 1646 928 1712 existentia
951 1640 1183 1716 tribuerentur;
1207 1644 1364 1729 sequitur,
1386 1642 1483 1704 etiam
1507 1653 1665 1704 terrarum
1688 1633 1798 1701 orbem
1822 1632 1962 1717 aliquem
1984 1631 2146 1718 planetam
2167 1633 2271 1698 dami-

438 1789 514 1832 uum
535 1789 573 1832 ac
593 1767 809 1852 praepositum
832 1759 994 1826 habuisse.
1030 1757 1215 1840 Quaeritur,
1235 1761 1306 1845 quis
1322 1757 1377 1822 ille
1399 1756 1497 1820 fuerit
1519 1755 1661 1842 planeta,
1683 1759 1707 1831 δ
1726 1753 1884 1818 domiuus.
1913 1749 1984 1814 latu
2003 1751 2153 1832 vidimus,
2177 1751 2273 1816 deum

439 1897 587 1948 octauum
610 1882 693 1968 apud
717 1881 894 1965 Aegyptios
917 1878 1017 1942 luisse
1032 1875 1219 1954 Esmunum,
1239 1877 1416 1942 &manum
1439 1896 1519 1938 vero
1541 1879 1562 1952 b
1585 1869 1778 1958 siguificare.
1823 1869 1910 1953 Ergo
1933 1871 1955 1950 ἕ
1977 1881 2046 1930 erut
2070 1875 2092 1944 δ
2115 1867 2274 1933 domiuus.

440 2000 547 2079 Quum
568 2019 649 2062 vero
671 1999 693 2078 ἕ
716 1999 813 2060 variis
835 1992 1015 2060 nominibus
1035 1996 1155 2074 veniat,
1179 1996 1355 2079 quaeritur,
1379 2013 1442 2078 quo
1463 1993 1593 2057 nomine
1621 1993 1644 2074 ξ
1673 1985 1854 2074 appellatus
1881 1986 1935 2067 sit,
1961 2005 2059 2070 quum
2079 1987 2104 2067 8
2127 1983 2276 2050 dominus

441 2119 649 2204 cogitaretur.
692 2111 839 2195 Scilicet,
870 2111 945 2176 licet
974 2123 1103 2175 veteres
1123 2107 1232 2196 plures
1255 2111 1435 2178 Mercurios
1459 2109 1676 2193 distinguant,
1714 2119 1822 2168 tamen
1843 2101 1907 2166 duo
1928 2103 2132 2186 potissiruum
2155 2104 2276 2169 discer-

442 2246 578 2297 nuntur:
606 2233 712 2296 senior
734 2229 913 2296 Mercurius
934 2241 968 2291 et
995 2229 1110 2294 iunior.
1155 2225 1248 2303 Quae
1276 2231 1436 2292 sententia
1457 2229 1596 2312 primaru
1622 2220 1831 2288 coufirmatur
1859 2239 1881 2282 a
1904 2218 2037 2302 Synesiu
2059 2218 2125 2299 (lle
2147 2221 2277 2288 Prouid.

440 2373 475 2437 p.
492 2347 592 2429 101.).
635 2346 814 2430 Aegyptii,
835 2346 956 2431 iuquit,
978 2342 1181 2410 Mercsrs'sss
1203 2343 1521 2432 dupls‘es'fiseersst
1543 2345 1670 2427 specte,
1689 2344 1840 2403 s'ssesess
1860 2339 1961 2400 s'setu
1979 2354 2088 2400 sesess
2106 2338 2279 2405 colloces-

443 2474 504 2529 tes.
547 2464 629 2528 ltem
650 2462 805 2528 Manetho
826 2482 889 2556 nou
913 2463 976 2526 uisi
1001 2458 1081 2524 duos
1101 2460 1279 2536 Mercurios
1302 2461 1537 2547 Aegyptiacos,
1566 2459 1593 2522 si
1618 2457 1797 2521 accuratius
1816 2451 2018 2538 explicatur,
2047 2471 2277 2523 commemorat

443 2581 549 2666 (Syuc.
563 2603 595 2666 p.
610 2578 696 2662 40),
721 2577 856 2643 alterum
879 2577 981 2657 eut,
1011 2575 1147 2642 alterum
1179 2583 1247 2643 Tus
1275 2593 1434 2645 vocaturn.
1478 2576 1661 2660 Vtrumque
1689 2593 1804 2638 nomen
1835 2572 1947 2636 eadem
1971 2595 2017 2636 ex
2044 2573 2152 2638 radice
2173 2589 2278 2640 ortum

444 2711 494 2762 eat
516 2717 588 2761 cum
611 2694 756 2777 Thoutb,
779 2693 921 2776 Theutb,
942 2691 1039 2772 Toot,
1062 2691 1129 2759 Tot
1145 2693 1291 2781 aliisque.
1336 2693 1449 2776 Stsls's,
1469 2695 1583 2780 iuquit,
1605 2688 1719 2766 Ttort,
1730 2694 1858 2774 prs'srss
1871 2686 2077 2773 Mercsrs'sr,
2095 2695 2276 2777 isscmpm‘t,

445 2831 531 2898 quae
549 2810 667 2876 deinde
684 2820 767 2897 post
785 2810 945 2874 ds'lsss'uss
967 2807 1258 2894 Agctloduessos,
1277 2809 1539 2890 fils'm'secssds'
1553 2807 1723 2873 Merrsrs's'
1736 2814 1900 2891 paterque
1925 2805 2020 2886 Tsts',
2044 2813 2079 2870 s's
2106 2804 2207 2873 lebret
2228 2826 2279 2871 re-

445 2929 533 2993 tsls‘t.
579 2928 630 2990 Eu
653 2926 733 2992 duos
756 2925 885 3009 Thoth,
913 2931 1072 2994 seniorem
1102 2938 1135 2990 et
1157 2927 1328 2992 iuniorem.
1372 2925 1442 2991 Iam
1469 2949 1547 2992 vero
1576 2927 1661 2990 inter
1685 2930 1705 2989 8
1728 2923 1865 2990 Cabirus
1885 2922 1997 2988 'l'hoth
2021 2927 2069 3010 (ἕ)
2089 2939 2138 2989 est
2158 2926 2277 3006 senior,

448 3045 528 3109 deus
550 3056 683 3107 octauus
707 3041 769 3130 (ii)
789 3046 912 3124 iunior,
941 3046 1010 3108 siue
1031 3044 1201 3130 posterior.
1244 3041 1376 3108 Diserte
1398 3041 1588 3108 Darnascius
1615 3043 1700 3129 apud
1721 3041 1870 3108 rhotum
1895 3041 1994 3124 (Bihl.
2012 3042 2093 3108 Cod.
2107 3039 2277 3106 CCXLll.

448 3161 603 3246 plois.)
624 3157 732 3232 tradit,
751 3168 829 3244 post
849 3157 1139 3247 catasscopus
1161 3159 1322 3246 planetas)
1344 3170 1496 3225 uetustus
1509 3169 1623 3226 sutem
1643 3179 1715 3223 erse
1737 3157 1924 3236 Esssssss,
1940 3176 2036 3244 ysess
2048 3155 2281 3243 Aeseslaps'sss

451 3276 514 3357 (t)
535 3280 813 3360 interpretantur.
856 3276 946 3364 Ergo
971 3279 1128 3344 amundus
1153 3277 1351 3356 Mercurius,
1382 3279 1452 3344 siue
1478 3253 1588 3341 Thoth
1617 3277 1740 3353 iunior,
1770 3289 1820 3340 est
1840 3274 1927 3358 Tot,
1958 3277 2050 3362 isque
2075 3275 2279 3356 guerrinus

452 3387 549 3467 Quod
570 3413 649 3456 uero
669 3391 824 3458 Manetho
846 3393 941 3458 deum
964 3392 1049 3459 'l'sto
1076 3398 1217 3482 priorem
1239 3392 1381 3483 appellat
1408 3392 1622 3474 Mercurium,
1654 3396 1688 3459 iu
1710 3413 1752 3457 eo
1774 3391 1836 3458 sibi
1863 3395 1934 3480 ipse
1953 3395 2155 3461 contradicit.
2198 3396 2282 3463 Nam

454 3505 517 3572 alio
538 3507 610 3573 loco
633 3510 739 3596 (Syuc.
755 3533 787 3596 p.
806 3512 872 3592 19.)
893 3510 955 3576 bos
976 3511 1125 3599 deinceps
1148 3511 1225 3578 deos
1245 3522 1430 3578 enumerat:
1459 3508 1655 3592 Vulcanum,
1676 3509 1797 3592 Solem,
1818 3509 2149 3598 Agathodaemonem,
2173 3515 2282 3580 Satur·

451 3645 539 3689 num.
583 3624 698 3712 Neque
722 3641 829 3695 tamen
850 3628 1062 3716 improbabile
1085 3643 1144 3712 est,
1166 3628 1361 3695 Mercurium
1383 3628 1568 3710 secundum,
1590 3627 1676 3692 Sulis
1696 3643 1841 3715 patrem,
1862 3626 2046 3714 siguificare
2065 3627 2185 3696 Solem.
2227 3630 2282 3697 Sul

450 3743 592 3805 enimin
620 3740 757 3808 aliorum
778 3746 979 3832 planetarum
1008 3748 1109 3833 signis
1130 3746 1247 3811 horum
1270 3749 1403 3812 nomina
1424 3748 1568 3812 assumit.
1613 3742 1711 3810 Certe
1738 3745 1893 3810 Manetho
1916 3743 1988 3811 loco
2015 3749 2113 3813 citato
2135 3769 2200 3814 uos
2222 3749 2280 3814 nisi

451 3856 532 3920 duos
551 3856 641 3921 Toth
660 3876 898 3946 commemorat,
919 3865 1077 3927 seniorem
1100 3861 1290 3949 (planetam)
1313 3877 1346 3928 et
1368 3865 1527 3929 iuniorem
1551 3862 1712 3948 (terram).
1750 3834 1824 3928 'lam
1845 3861 1932 3926 hunc
1952 3861 2019 3927 'rar
2033 3866 2197 3930 iuniorem
2220 3878 2280 3930 ter·

453 3993 524 4036 ram
543 3973 738 4060 significare,
761 3976 854 4042 docet
873 3976 1064 4062 theosophis
1085 3978 1239 4064 Orphica,
1262 3979 1463 4045 hauddubie
1487 3982 1520 4045 iu
1540 3979 1692 4066 Aegypto
1718 3993 1805 4046 nats.
1851 3977 1966 4044 Tradit
1987 3980 2149 4047 Eusebius
2169 3982 2281 4068 (llbc.

451 4088 514 4154 XI.
529 4113 561 4176 p.
579 4090 667 4178 tto.)
690 4091 818 4179 quidem
838 4093 936 4160 baec:
957 4092 1115 4178 Aegyptii
1134 4095 1282 4178 opificem
1297 4103 1455 4180 osiserrs',
1477 4117 1567 4184 psess
1584 4096 1709 4183 Ksepl
1725 4095 2077 4184 (Agathodaersouem)
2097 4102 2281 4186 appellunt,

455 4204 595 4272 ismae
618 4215 726 4296 specte
748 4207 1011 4294 configurantes.
1039 4245 1081 4258 -
1111 4207 1209 4275 Hssc
1228 4233 1330 4296 porro
1357 4211 1463 4278 Desss
1484 4234 1531 4279 ee
1557 4235 1616 4278 ors
1642 4234 1735 4280 ussss
1762 4213 1904 4278 edidisse
1926 4224 2081 4279 urunt.
2109 4253 2152 4266 -
2182 4219 2283 4281 Ossss

456 4331 564 4388 estest
587 4326 672 4392 illud
690 4326 839 4391 muman
862 4331 1139 4411 interpretaretur.
1180 4327 1269 4413 Ergo
1289 4329 1437 4410 muudus,
1458 4333 1528 4396 siue
1548 4330 1624 4414 Tot,
1648 4353 1693 4396 ex
1712 4332 1998 4418 Agatbodaemone
2020 4331 2145 4416 prodiit.
2175 4329 2286 4408 Quem

456 4459 560 4504 meam
583 4441 623 4508 de
643 4441 810 4527 Thouthn,
835 4445 861 4527 3
884 4447 1024 4526 nomine,
1049 4450 1237 4513 seutentiam
1260 4445 1429 4512 confirmat
1455 4449 1561 4533 ipsum
1584 4469 1699 4516 acmen
1722 4444 1846 4514 Thoth.
1889 4448 1974 4515 Nam
1998 4449 2078 4511 Θωθ
2098 4461 2149 4512 est
2170 4448 2287 4536 Copti·

456 4575 527 4618 cum
550 4573 650 4648 οωθ,
670 4560 723 4624 rel
747 4555 864 4650 0060,
885 4561 938 4626 rel
962 4580 1078 4654 0000,
1099 4563 1152 4628 rel
1173 4583 1225 4640 00
1245 4567 1459 4641 cameratas,
1481 4564 1629 4641 osmer,
1654 4567 1830 4648 oisoopssp.
1872 4567 2030 4634 Solemms
2052 4577 2103 4631 est
2128 4568 2215 4630 enisu
2236 4589 2288 4631 re·

458 4669 631 4757 duplicatio
654 4678 808 4759 radicum,
825 4691 862 4742 ut
882 4699 935 4755 το
958 4683 1088 4765 useless,
1112 4702 1220 4756 τοτο
1239 4682 1432 4766 persssltsr,
1455 4700 1520 4758 θοι
1540 4700 1677 4757 ecesse,
1696 4700 1826 4758 θοιθοι
1846 4693 2052 4772 oumegutss.
2078 4681 2167 4760 Quid
2185 4683 2289 4750 dmm

458 4789 499 4854 de
519 4809 575 4870 eo,
606 4793 689 4876 quod
710 4806 843 4858 octauus
862 4794 999 4864 Cabirus
1019 4823 1039 4864 a
1060 4799 1258 4867 Manethone
1279 4803 1353 4886 ipso
1375 4819 1426 4877 00
1454 4811 1601 4864 vocatur.
1646 4799 1790 4867 Octauus
1811 4805 1896 4868 euim
1918 4803 2060 4890 Aegypti
2081 4821 2144 4866 rex
2167 4800 2209 4868 ab
2230 4803 2291 4870 illo

355 4989 359 4996 Ι
459 4906 608 4972 scribitur
634 4907 809 4993 Οὐβιινθης
830 4914 852 4978 i.
868 4935 897 4978 c.
920 4916 1253 5013 ογ.ογῃη.ὴ.θο
1282 4937 1391 5004 agger
1419 4915 1642 5005 (semiglebus)
1671 4927 1836 4984 terrorest
1865 4921 1948 5005 (sup.
1966 4919 1992 4984 l.
2012 4923 2043 4998 θ.
2059 4927 2092 4982 4.
2115 4939 2192 5004 pag.
2209 4922 2290 5004 84.).

459 5023 515 5087 Sin
538 5023 620 5088 haec
641 5024 735 5090 alicui
756 5025 860 5092 adhuc
880 5032 1002 5096 incerta
1021 5035 1199 5119 videantur,
1223 5058 1263 5103 eu
1283 5037 1353 5104 alia
1373 5051 1573 5122 argumenta.
1615 5036 1765 5124 Aegyptii
1784 5037 1950 5123 putabant,
1975 5049 2010 5100 rt
2024 5033 2185 5101 Zudiaeus
2199 5034 2291 5104 Tau·

254 5221 257 5228 Ι
460 5143 598 5208 ricensis
618 5143 814 5210 demonstrat
831 5144 930 5232 (Tab.
947 5147 990 5214 ll.
1007 5149 1070 5218 No.
1087 5153 1142 5237 L),
1167 5169 1286 5220 terram
1307 5158 1341 5220 in
1361 5155 1467 5220 medio
1482 5153 1622 5220 Zodisco
1641 5169 1763 5240 septem
1788 5157 1924 5242 planetis
1938 5155 2177 5220 circumdatam.
2209 5153 2294 5222 lietu

459 5258 556 5346 plane
585 5260 718 5327 eandem
747 5264 902 5346 exprimit
927 5286 1044 5332 numus
1069 5268 1286 5357 Aegyptiacus
1316 5269 1630 5356 (KreuserSymbol.
1647 5269 1733 5338 Tab.
1749 5273 1809 5338 vl.
1827 5273 1905 5361 ta).
1948 5271 2013 5338 Hic
2042 5276 2075 5338 in
2102 5273 2205 5337 medio
2226 5273 2298 5341 Zo-
