4928 6102
1146 533 1539 594 ...m-

424 735 521 794 num
552 713 665 788 buius
698 710 847 806 generis
878 707 1085 808 explicatio
1122 705 1378 782 astronomica
1410 712 1511 776 recte
1539 723 1582 775 se
1610 699 1749 776 lrabeat
1779 703 1821 775 in
1852 703 2076 780 vniuersu'm
2108 698 2273 798 quidem.

423 850 554 924 Etiam
578 850 620 922 in
655 845 756 922 votis
777 853 856 937 ost,
885 855 930 922 vt
955 843 1122 916 editores
1146 839 1333 915 itinerarii
1365 837 1591 936 Aegyptiaci
1627 835 1926 936 champollionis
1951 835 2157 938 respiciant
2181 836 2275 911 haec

425 1007 527 1059 noua
552 983 603 1058 ad
623 975 775 1082 placita.

530 1118 714 1217 Superest
731 1115 917 1208 indicere,
943 1136 1018 1212 qua
1042 1117 1110 1192 via
1134 1127 1173 1188 et
1187 1117 1335 1190 ratione
1354 1113 1414 1187 his
1436 1113 1479 1186 in
1502 1108 1787 1210 quaestionibus
1808 1110 2069 1207 processerim.
2121 1102 2276 1178 Dudum

316 1303 319 1310 -
431 1273 656 1352 persuasum
681 1251 777 1325 mihi
803 1261 904 1337 erat,
940 1249 989 1322 de
1022 1261 1080 1326 tet
1103 1249 1413 1346 inscriptionibus
1443 1246 1689 1346 Aegyptiacis
1718 1245 1857 1318 multas
1883 1265 1967 1318 csse
1994 1240 2278 1329 astronomicas,

432 1409 553 1485 neque
580 1384 822 1474 dubitabam,
863 1383 954 1481 quin
980 1385 1165 1480 imagines
1196 1383 1366 1456 Deorum
1396 1382 1724 1480 frequentissimae
1752 1379 1894 1478 passim
1926 1376 1975 1451 ad
2006 1377 2278 1452 astronomiam

434 1531 659 1620 spectarent
710 1519 890 1593 Veterum
913 1520 1015 1591 enim
1035 1517 1213 1616 permulti
1242 1527 1441 1607 testantur,
1463 1514 1685 1616 Aegyptios,
1700 1514 1748 1590 ab
1770 1513 2048 1610 antiquissimis
2071 1510 2162 1587 inde
2182 1525 2279 1585 tem·

434 1652 588 1752 poribus
608 1655 879 1729 astronomicas
905 1653 1171 1750 inscriptiones
1189 1673 1433 1727 conseruasse
1455 1663 1569 1750 atque
1590 1648 1844 1724 astronomica
1860 1646 2279 1742 Deommimaginibus

437 1789 686 1884 expressisse.
748 1789 877 1886 ltaque
913 1810 1008 1886 opus
1035 1799 1119 1863 erat
1147 1788 1320 1861 inuenire
1345 1786 1631 1886 imoriptienem
1651 1783 1946 1884 Aegyptiacam,
1982 1802 2058 1879 qua
2079 1781 2194 1855 facile
2214 1778 2281 1853 de-

436 1923 641 1998 monstrari
661 1934 795 2020 posset
816 1924 866 1998 ad
892 1922 1032 2012 oeulos,
1054 1933 1228 2003 veterum
1246 1922 1467 1996 testimonia
1492 1891 1577 1996 esse
1597 1931 1709 1994 certa
1760 1914 1872 2007 Quod
1891 1916 2050 2009 contigit
2073 1914 2168 1989 milri
2192 1923 2281 1988 ante

440 2053 512 2130 hos
525 2066 673 2154 septem
693 2079 823 2131 annos.
876 2057 1029 2132 Etenim
1057 2077 1157 2132 aneo
1182 2058 1291 2142 1826,
1314 2077 1430 2154 quum
1455 2055 1568 2150 Regis
1592 2053 1787 2129 frederici
1811 2049 1988 2146 Augusti,
2012 2068 2112 2125 nunc
2130 2051 2195 2149 pie
2216 2046 2283 2120 de-

440 2187 571 2278 functi,
596 2189 685 2264 lrinc
706 2189 878 2282 Antonii,
900 2191 1057 2266 Domini
1073 2193 1151 2266 mei
1170 2191 1466 2281 clementissimi,
1488 2190 1677 2290 permissu
1696 2198 1736 2260 et
1752 2184 1897 2275 adiutu,
1915 2186 1990 2260 iter
2012 2185 2188 2258 facerem,
2203 2183 2285 2256 lon-

440 2321 636 2414 gissimum
664 2349 733 2422 per
749 2326 1017 2417 Germaniam,
1042 2326 1203 2418 ltaliam,
1225 2325 1540 2422 Francogallim
1560 2323 1738 2420 Angliant
1757 2318 2081 2418 Hellandamque,
2103 2315 2222 2393 incidi
2241 2317 2285 2389 in

442 2454 559 2551 llegie
589 2455 723 2532 Museb
747 2457 998 2552 Teurinemi,
1030 2459 1132 2560 quod
1161 2484 1231 2561 pro
1265 2483 1415 2539 summa
1436 2463 1728 2557 magistratuum
1754 2467 1794 2530 et
1816 2456 2096 2554 praefectorum
2122 2449 2285 2538 liberali·

442 2599 523 2664 ‘³⁸⁰
546 2613 615 2688 P⁰r
639 2595 828 2688 isslflssfflffl
850 2596 932 2668 fure
958 2617 1098 2666 annum
1124 2596 1219 2664 mihi
1240 2597 1384 2690 paruit,
1422 2597 1464 2670 in
1484 2617 1671 2690 papyrum
1698 2590 1807 2690 (Tab.
1823 2590 1919 2685 lib),
1940 2612 2058 2688 quac,
2079 2604 2193 2685 quum
2216 2582 2286 2659 Zo-

441 2721 601 2797 diecum·
616 2747 760 2798 nouum
794 2735 908 2823 atque
940 2725 1142 2821 signorum
1172 2725 1358 2801 Dominus
1382 2725 1619 2822 Aegyptiace
1648 2726 1797 2798 ratium
1828 2743 2031 2820 expressos
2067 2721 2286 2809 contineret,

324 2933 330 2942 ,
442 2854 586 2929 elauem
620 2859 874 2932 astronomiae
908 2858 1172 2957 Aegyptiacae
1199 2859 1411 2938 exhiberet.
1465 2858 1633 2935 Subinde
1665 2862 1887 2934 innumeras
1914 2858 1995 2931 fere
2023 2857 2287 2956 inscriptiones

442 2987 717 3087 Aegyptiorum
736 2994 1008 3068 astronomicas
1026 2995 1169 3068 inueni.
1224 2994 1329 3085 Quae
1350 3017 1464 3095 quum
1488 2995 1675 3093 explicari
1696 2995 1892 3084 deberent,
1915 2993 2054 3093 tripiici
2070 2990 2288 3090 quaestione

444 3125 600 3221 praeuia
629 3147 724 3222 opus
753 3140 846 3203 erat
898 3124 1067 3200 Primum
1092 3129 1217 3200 omnis
1239 3133 1494 3204 astronomiae
1525 3132 1624 3205 ratio
1661 3126 1765 3228 apud
1789 3128 2000 3227 Aegyptios
2020 3129 2176 3225 propius
2205 3144 2289 3217 cog-

446 3260 553 3334 nosci
585 3257 758 3335 debebat.
819 3259 937 3335 Cuius
967 3262 1089 3355 gratia
1124 3261 1365 3335 omniafere
1403 3272 1704 3337 astronomorum
1742 3273 1783 3336 et
1813 3262 2084 3359 astrologorum
2114 3275 2289 3335 veterum

445 3415 563 3490 opere
588 3398 829 3492 pertrectaui.
881 3395 1133 3496 Quaecunque
1165 3397 1400 3494 pertinerent
1429 3395 1480 3471 ad
1513 3397 1777 3494 inscriptiones
1808 3395 2086 3494 Aegyptiorum
2120 3405 2289 3470 mneno-
2328 3463 2331 3468 Δ

445 3530 564 3602 enicas
588 3530 870 3625 intelligendas,
895 3554 943 3605 ea
968 3531 1110 3606 centuli
1133 3533 1174 3605 in
1193 3509 1437 3629 parte'huiur
1458 3531 1582 3630 operis
1607 3532 1752 3628 prima,
1779 3551 1875 3629 quae
1902 3542 2142 3628 conspectum
2170 3539 2291 3602 astro-

445 3665 596 3738 nomiae
622 3663 816 3738 technicae
842 3677 882 3738 ct
907 3665 1239 3764 apotelesmaticae
1266 3666 1435 3742 exbibet
1487 3667 1657 3758 Deinde,
1683 3689 1798 3767 quum
1818 3663 2000 3762 Aegyptii
2022 3663 2207 3761 pomariis
2232 3683 2291 3734 re
2331 3683 2334 3688 ·

445 3795 515 3870 bus
541 3799 676 3885 sacris,
710 3812 753 3874 vt
779 3815 930 3876 veteres
964 3812 1171 3891 testantur,
1205 3803 1467 3900 exprimerent
1492 3813 1612 3895 astra3
1642 3823 1738 3899 epus
1764 3812 1846 3875 erat
1869 3796 2024 3888 videre,
2044 3815 2287 3895 quaeeunque

445 3954 507 4005 res
533 3932 690 4027 singulis
703 3933 867 4029 planetis
891 3957 1023 4010 sacrae
1045 3957 1249 4033 eorumque
1276 3937 1453 4033 symbola
1469 3938 1612 4011 fuerint
1636 3943 1679 4013 in
1694 3934 1882 4034 Aegypto.
1935 3933 2149 4028 Symboliee
2171 3943 2291 4005 astro·

445 4068 597 4142 uomica
624 4070 861 4161 cognescitur
893 4072 1132 4168 potissimum
1166 4095 1220 4146 ex
1249 4072 1477 4171 geographia
1509 4074 1687 4172 Aegypti.
1722 4068 1938 4167 ‘Aegyptus
1966 4073 2069 4144 enim
2095 4067 2292 4144 adinstar

448 4197 601 4274 Zodiaci
627 4200 753 4276 diuisa
778 4201 853 4278 fuit
875 4204 918 4276 in
945 4209 991 4276 12
1016 4207 1243 4304 prouincias,
1266 4211 1319 4288 ,36
1346 4205 1488 4282 Nomos
1511 4209 1682 4308 aliasque
1707 4217 1847 4306 partes,
1870 4205 1914 4277 in
1938 4204 2073 4301 quibus
2098 4202 2292 4278 habeban-

449 4344 511 4406 tur
533 4345 636 4406 certa
659 4339 829 4427 numina,
856 4340 1039 4414 animalia
1058 4354 1097 4415 et
1121 4341 1351 4438 vegetabilis
1370 4366 1439 4440 pro
1466 4344 1649 4438 symbolis
1675 4363 1806 4418 eorum
1822 4339 2075 4440 planetarum,
2096 4342 2161 4438 qui
2187 4361 2292 4439 prae-
2452 4437 2457 4444 ι

449 4479 577 4542 essent
605 4470 717 4540 certis
750 4469 903 4548 Zodiaci
936 4476 1151 4571 segmentis.
1203 4477 1332 4576 ltaque
1368 4459 1550 4574 agebatur
1573 4481 1747 4552 inuenire
1782 4477 1975 4573 antiquam
2005 4473 2172 4572 Aegypti
2195 4473 2293 4546 Geo-

448 4599 644 4698 graphiam
667 4600 718 4676 ad
743 4610 1014 4684 astronomiam
1032 4610 1209 4686 relatam.
1262 4611 1373 4702 Quod
1404 4617 1497 4688 item
1524 4613 1617 4687 mibi
1641 4614 1801 4706 contigit
1829 4613 1870 4684 in
1894 4609 2028 4684 Museo
2050 4609 2166 4703 llegie
2193 4607 2293 4682 'l'au-

446 4735 600 4808 rinensi.
653 4735 787 4812 inueni
820 4743 925 4816 enim
952 4745 1087 4820 eedem
1116 4770 1217 4826 anno
1244 4747 1363 4828 altere
1395 4748 1722 4845 antiquissimum,
1757 4759 1883 4822 aetate
1910 4741 2134 4818 sesostridis
2161 4745 2294 4846 (1631)

446 4870 683 4965 inscriptum,
706 4895 855 4972 exque
880 4893 1192 4974 cognoscerentur
1216 4881 1445 4982 geographia
1467 4880 1634 4980 Aegypti
1658 4884 1841 4978 genuina,
1867 4879 2147 4980 prouinciarum
2173 4873 2303 4956 astro-⁴

448 5004 679 5078 nemicarum
700 5010 806 5084 situs
829 5021 942 5110 atque
965 5017 1142 5104 numina,
1171 5039 1267 5114 quae
1294 5016 1453 5111 singulis
1474 5019 1678 5117 prouinciis
1705 5017 1913 5117 praepositi
1945 5013 2111 5108 singulas
2138 5014 2291 5091 Zodiaci

447 5147 576 5232 partes
600 5140 855 5234 significarent
876 5151 1090 5250 inscriptis
1106 5153 1376 5227 astronomicis.
1402 5151 1604 5228 Praeterea
1620 5157 1823 5228 innumera
1844 5152 2032 5227 suntloea
2057 5123 2158 5246 apud
2175 5149 2292 5222 Grae·

448 5293 523 5360 ⁰⁰⁵,
550 5271 707 5356 Latinos
731 5282 903 5380 aliosque
926 5286 1142 5384 scriptores,
1167 5283 1303 5383 quibus
1329 5284 1522 5379 tradatur,
1548 5291 1607 5364 cui
1632 5288 1810 5389 planetae
1836 5298 1938 5363 certo
1973 5295 2100 5360 certae
2125 5304 2185 5358 res
2210 5283 2292 5356 fue-
