4882 6098
531 700 575 765 V.
597 695 706 774 Quum
728 705 835 760 oettoe
855 689 1005 770 Moerae,
1039 687 1308 754 Dodeeetemoria
1338 681 1485 770 aliaeque
1516 683 1681 770 tignorum
1700 695 1812 768 portes
1833 703 1905 749 oum
1924 680 2063 768 planeda
2091 685 2283 750 ooninnetae

447 818 584 886 eundem
603 815 765 879 dominum
784 807 925 874 habeant
946 819 1002 870 aut
1024 804 1161 871 eimiiem
1182 817 1318 884 natum,
1339 814 1377 866 vt
1398 807 1421 877 2
1444 811 1478 862 et
1504 804 1551 875 Ὧι
1571 798 1648 864 bino
1668 799 1800 881 aoeidit,
1822 809 1860 864 vt
1879 799 2051 864 breuitatis
2072 821 2187 886 eanum
2211 823 2285 866 ene·

449 935 522 1000 dem
541 935 698 1018 personae
718 947 782 990 non
802 937 1000 1010 repetantur,
1024 921 1081 986 aed
1096 923 1130 986 in
1144 943 1208 986 vna
1230 916 1442 1007 figuraqnaei
1463 917 1652 982 eoninnotae
1665 915 1987 1002 comprehendantur.
2031 913 2153 982 Contra
2174 917 2287 1003 plnres

450 1049 574 1136 figurae
594 1045 691 1131 piane
714 1040 827 1108 eodem
847 1038 961 1104 habitu
986 1040 1131 1125 insignat
1159 1059 1224 1104 non
1245 1035 1357 1104 valent
1384 1035 1448 1099 nini
1467 1051 1565 1100 vuum
1596 1053 1769 1121 pomonam
1793 1032 2108 1122 apotelesmatieam,
2139 1037 2289 1120 exeeptis

449 1167 490 1230 iio
508 1162 605 1245 lotia,
627 1159 743 1248 quibua
765 1155 885 1244 gradus
905 1157 990 1242 aigui
1010 1169 1230 1222 numerantur.

1160 1354 1579 1434 ethecmal).

539 1515 737 1584 Coniunctus
759 1526 893 1603 apparet
913 1517 949 1591 Θ
971 1511 1059 1578 dieoo
1080 1531 1257 1598 expromat
1284 1531 1357 1574 oum
1385 1507 1522 1573 solemni
1545 1511 1577 1574 ὥ
1602 1504 1792 1587 eimulaoro,
1823 1507 1886 1574 deo
1913 1507 2050 1596 pedibna
2076 1507 2289 1598 manibusque

453 1635 603 1700 iuiunotia
624 1634 698 1700 Lin.
719 1631 760 1699 C.
783 1636 836 1697 13.
859 1651 890 1696 e.
931 1630 1020 1715 Ergo
1041 1627 1079 1697 Θ
1097 1640 1245 1694 vereatur
1267 1629 1302 1691 in
1324 1639 1363 1700 Y
1390 1638 1446 1688 aut
1469 1632 1529 1707 1η,
1549 1627 1581 1690 d*
1604 1621 1762 1689 domibne.
1805 1621 1930 1690 Ibidem
1957 1647 2035 1692 vero
2063 1626 2190 1693 additae
2212 1641 2287 1694 aunt

454 1749 537 1816 duae
560 1746 644 1816 aliae
667 1757 697 1818 α’
720 1751 878 1836 integinea
893 1766 998 1832 parea,
1019 1758 1056 1808 vt
1076 1747 1170 1828 anim,
1192 1741 1436 1829 intelligendum
1456 1761 1530 1806 enee
1551 1737 1747 1806 domicilium
1769 1744 1801 1807 o*
1823 1742 1856 1804 in
1876 1739 2023 1830 Trigono
2046 1758 2080 1809 et
2100 1741 2298 1833 'tetragono'

456 1867 501 1932 α’.
543 1867 619 1932 Huo
644 1867 765 1933 aoeedit
789 1864 815 1932 it
840 1859 1043 1948 symbolum,
1059 1859 1125 1926 boa
1146 1864 1334 1927 eonatrioton
1355 1857 1410 1944 (G.
1425 1863 1478 1924 13.
1493 1881 1526 1946 g.
1540 1858 1608 1943 1.),
1632 1879 1696 1944 qno
1721 1857 1747 1923 b
1774 1854 2056 1946 Trigonodeepote
2078 1873 2112 1925 et
2131 1860 2289 1950 Tetrogo-

458 1983 638 2072 nodeopota
657 1985 692 2048 in
712 1995 753 2057 Y
774 1993 885 2068 aperte
903 1977 1075 2043 indieatnr.
1117 1979 1241 2044 Eodem
1258 1989 1382 2064 npeotat
1404 1985 1432 2060 ἢ
1453 1975 1669 2055 amulanium,
1693 1993 1810 2060 aquam
1829 1975 2024 2043 effundentia
2045 1975 2099 2062 (C.
2117 1984 2169 2044 13.
2186 1977 2219 2043 b.
2233 1981 2289 2064 o).

456 2097 497 2166 Iu
522 2109 557 2176 nl
584 2102 670 2165 enim
693 2096 802 2162 nullon
819 2111 869 2162 eat
887 2105 917 2181 ²i
937 2115 1042 2182 neque
1063 2091 1363 2181 Trigonodeepota,
1397 2113 1503 2179 neque
1523 2089 1866 2178 Tetrogonodeupotn‚
1905 2116 2013 2182 nequo
2032 2094 2291 2182 Hexagonodea·

457 2229 547 2303 pota.
588 2217 711 2283 Eadem
739 2237 819 2281 vero
841 2214 883 2285 Θ
900 2215 1018 2300 positio
1048 2212 1206 2277 indicator
1227 2207 1353 2274 duobus
1368 2206 1454 2296 -eiiiu
1478 2209 1558 2274 loeis
1583 2209 1672 2293 (Lim
1688 2208 1725 2272 F.
1744 2212 1795 2274 13.
1811 2209 1839 2274 l.
1859 2212 1924 2296 1.)‚
1957 2209 2074 2298 quibua
2094 2211 2131 2283 Θ
2161 2229 2291 2300 apparet
2429 2293 2430 2296 Ἴ

458 2332 494 2395 in
519 2332 616 2398 domo
636 2337 667 2400 θ’
689 2335 774 2397 inter
796 2329 906 2396 atellae
931 2347 970 2404 Y
995 2345 1032 2397 vt
1050 2333 1083 2394 in
1106 2325 1305 2414 aaroophapo
1327 2325 1418 2391 Sethi
1444 2326 1503 2408 (Ο.
1518 2327 1562 2393 V.
1582 2325 1646 2412 0.).
1677 2323 1834 2392 Nouimus
1857 2329 1955 2408 anim,
1980 2327 2016 2399 Θ
2035 2331 2070 2393 in
2092 2341 2132 2403 Y
2153 2331 2291 2414 exprimi

460 2443 685 2534 Criooephalo‚
706 2451 782 2511 naui
803 2461 907 2526 vento,
929 2458 1078 2530 carpente
1098 2449 1129 2512 θ’
1153 2459 1185 2509 et
1206 2446 1281 2508 teeti
1303 2449 1411 2532 speeie
1433 2457 1466 2509 et
1485 2442 1588 2509 uteliie
1608 2446 1642 2508 in
1665 2449 1697 2506 V
1712 2443 1881 2530 adscriptis
1901 2441 2001 2524 (Tei).
2018 2445 2081 2510 lv.
2098 2445 2139 2512 A.
2153 2444 2236 2512 Tab.
2248 2447 2289 2511 V.

460 2559 499 2626 C.
515 2568 565 2627 13.
582 2561 624 2627 0.
641 2569 672 2628 8.
687 2561 758 2646 11.).
799 2560 915 2648 ltaque
941 2563 1045 2647 primo
1071 2562 1198 2643 quidem
1226 2573 1349 2625 eertum
1373 2575 1443 2645 eat,
1477 2581 1541 2650 quo
1564 2575 1709 2647 tempore
1740 2560 1927 2627 obseruatio
1950 2575 2061 2626 noetio
2083 2567 2294 2630 astronomica

459 2679 608 2744 instituta
626 2681 735 2763 inerit,
757 2703 796 2746 eo
818 2679 854 2752 Θ
872 2680 973 2744 initae
993 2660 1027 2740 iu
1051 2681 1095 2741 V·
1139 2671 1329 2738 Aoeuratiun
1346 2681 1413 2744 iam
1437 2677 1584 2749 Olonna
1604 2657 1793 2744 describitur
1815 2677 1950 2744 Lin.D.
1971 2699 2043 2743 eom
2065 2680 2197 2746 Limc.
2219 2703 2296 2747 eon-

459 2797 578 2864 innota.
624 2796 776 2865 Continet
793 2801 880 2864 enim
900 2806 1009 2882 partes
1031 2801 1061 2857 v
1085 2811 1142 2854 eeu
1162 2789 1309 2854 dominon
1328 2798 1468 2875 partium
1489 2794 1660 2880 deinoepa,
1688 2808 1725 2858 vt
1746 2816 1817 2861 moe
1839 2809 1919 2876 erat,
1942 2792 2061 2860 ambito
2083 2811 2117 2861 et
2138 2797 2297 2884 dignitato

461 2935 533 2980 aeae
555 2915 767 3000 excipientes.
809 2912 921 2979 Habea
940 2913 1049 2999 itaque
1070 2885 1208 2996 primodo
1227 2907 1263 2974 d*
1284 2904 1546 2996 Oeeodeepotnm
1566 2910 1624 2994 (Ι).
1641 2909 1709 2996 10.)
1730 2933 1802 2977 enm
1823 2910 2106 2998 Trigonodeapota
2124 2911 2236 2998 (10.1).
2250 2919 2296 3002 o.)

464 3043 498 3094 et
517 3027 799 3116 Trigouodeapota
820 3031 941 3116 (9.11.)
966 3041 998 3092 et
1012 3022 1404 3112 Hexngonodeapota.(8.
1421 3027 1499 3112 11.),
1525 3024 1598 3089 hine
1619 3023 1786 3094 Decannm
1807 3032 1894 3115 (7.6.
1904 3033 1934 3094 5.
1944 3031 2003 3116 1.),
2028 3029 2103 3096 hino
2121 3029 2249 3098 Horiou
2263 3049 2298 3098 ot

465 3143 758 3212 Dodeeatemorion
773 3148 823 3232 (1)
840 3161 872 3212 et
885 3145 1032 3212 Moeram
1047 3143 1108 3228 (1).
1138 3139 1265 3226 Corpna
1280 3141 1495 3228 decapitatum
1514 3141 1663 3228 (D.10.),
1676 3156 1712 3206 vt
1727 3143 1808 3210 alias
1824 3143 1972 3226 (Tuan.
1984 3153 2013 3212 1.
2027 3157 2078 3225 til.
2095 3145 2297 3217 Tabim.
2429 3139 2430 3142 ¹

466 3261 514 3345 8.)
537 3262 572 3330 m
593 3261 753 3348 signifieat
767 3263 1036 3350 Oeeodeapotem‚
1058 3275 1114 3326 ant
1131 3267 1174 3343 V,
1196 3273 1253 3324 aut
1278 3269 1330 3335 1η.
1373 3259 1444 3324 lam
1457 3258 1613 3346 genitalia
1635 3259 1762 3326 adiecta
1776 3261 1811 3328 ὦ
1827 3281 1962 3326 vernum
1979 3265 2122 3330 indicant
2143 3267 2296 3356 (piet),

318 3465 321 3471 Ι
464 3389 502 3441 vt
523 3379 623 3458 ιοὶιιι,
644 3381 851 3466 cogitandum
873 3399 944 3443 eaeo
965 3378 1123 3442 dedomo
1145 3379 1176 3442 o*
1196 3395 1296 3440 verna
1314 3397 1372 3441 eeu
1396 3383 1440 3442 V.
1482 3377 1645 3441 Peraonae
1665 3398 1780 3442 verena
1800 3378 1835 3446 od
1857 3377 1988 3444 domum
2009 3401 2186 3464 eonuemae
2205 3399 2239 3450 et
2256 3385 2295 3450 od

464 3492 600 3558 eandem
620 3497 810 3580 pertinentia
829 3509 905 3560 aunt
925 3495 961 3562 ὦ
982 3493 1103 3560 Neitha
1122 3497 1191 3576 (10.
1207 3491 1240 3558 b.
1255 3493 1310 3578 a),
1330 3506 1366 3559 vt
1387 3492 1468 3558 aliae
1487 3491 1706 3578 (Tabite.
1720 3494 1783 3581 3.),
1807 3491 2106 3584 Trigonodespote3
2134 3509 2169 3581 ²i
2188 3523 2294 3568 aneen-

464 3607 523 3675 dot
552 3613 683 3697 (9.11.)
705 3609 1044 3700 Tetragonodeapota,
1076 3607 1249 3687 &Neitha
1277 3613 1403 3693 (8.11.)
1425 3609 1759 3698 Hexagonodeepota.
1802 3611 1872 3678 lam
1901 3629 2081 3702 aeqonutun
2104 3633 2239 3705 qnnmou
2262 3625 2292 3687 td

464 3723 634 3792 ‘simulacra
655 3725 787 3815 (0.13.)
802 3727 960 3795 solemnia
981 3729 1028 3815 (4.
1041 3730 1072 3791 i.
1080 3731 1111 3792 o.
1122 3730 1169 3812 7.)
1195 3723 1321 3790 aunnlia
1341 3727 1403 3810 (ὦ)
1425 3727 1535 3814 paullo
1557 3727 1735 3794 minoribus
1755 3728 1891 3814 inclusa,
1913 3753 1997 3817 qnae
2007 3753 2070 3798 non
2087 3750 2294 3820 poeanntuon

463 3839 654 3910 diuiuionem
675 3842 807 3910 Zodiaei
826 3844 935 3931 paullo
966 3846 1123 3910 minorem
1146 3847 1264 3932 qnippe
1294 3842 1468 3910 Danuuium
1494 3845 1524 3909 <d
1546 3847 1580 3909 in
1602 3857 1640 3917 Y
1665 3831 1861 3934 eniprimere.
1910 3847 2186 3926 Quemadmodum
2213 3853 2295 3918 enim

464 3959 499 4022 in
520 3958 659 4026 Zodiaeo
683 3957 880 4044 Tentyritieo
901 3965 1042 4028 maiores
1061 3983 1163 4026 neuen
1183 3961 1300 4047 Signa,
1324 3963 1465 4028 minoren
1487 3962 1632 4028 decuriae
1653 3961 1775 4048 valent,
1798 3967 1843 4030 ita
1866 3965 1919 4030 hio
1940 3969 2044 4034 maior
2061 3939 2200 4036 'annulae
2221 3969 2296 4058 sig-

464 4095 561 4158 uum,
587 4079 691 4141 minor
717 4075 891 4154 Deourinm
917 4081 1033 4144 innuit.
1074 4079 1163 4166 Ergo
1188 4079 1224 4151 Θ
1240 4091 1390 4143 vereatur
1418 4080 1452 4142 in
1475 4081 1506 4144 θ’
1530 4079 1662 4144 deeuria
1685 4083 1731 4168 (V
1749 4086 1937 4170 00-100).
1981 4087 2121 4172 Figurae
2143 4089 2300 4172 adiectae,

464 4195 631 4280 aooipitrea
657 4192 959 4281 anthropooephali‚
989 4193 1130 4260 dieenlue
1158 4207 1191 4260 et
1219 4193 1450 4281 Criooephalna
1471 4193 1521 4274 (Θ
1541 4197 1576 4260 in
1600 4199 1655 4283 Y)
1680 4197 1827 4282 §locum
1861 4202 1896 4265 in
1916 4214 1957 4274 Y
1985 4201 2141 4284 indicant,
2171 4203 2304 4290 dequo

462 4308 558 4374 inira.
601 4310 715 4398 ltaque
736 4313 878 4398 seqnitur
906 4312 1163 4393 Hortooratoro
1194 4309 1252 4398 (D.
1267 4313 1325 4397 1.).
1367 4309 1475 4388 Quum
1504 4313 1588 4376 enim
1610 4333 1726 4380 manoe
1743 4315 1849 4380 elatae
1872 4317 2087 4384 adorationem
2106 4315 2304 4404 religionum

464 4429 669 4511 exprimant,
697 4441 735 4494 vt
764 4450 809 4496 ex
836 4429 946 4496 multia
974 4427 1064 4494 stelin
1091 4427 1225 4514 aonlptia
1245 4442 1390 4511 eonatat,
1420 4442 1518 4515 atque
1537 4431 1641 4494 omnin
1661 4430 1778 4519 religio
1801 4445 1835 4496 et
1854 4437 2001 4522 pietae2
2025 4429 2228 4502 adscribatur
2257 4439 2301 4522 (I.

465 4538 496 4614 i.
512 4543 563 4605 ot.
580 4547 611 4605 1.
623 4565 656 4628 p.
673 4547 778 4631 195.);
808 4545 930 4612 elatum
958 4560 1026 4628 eat,
1062 4543 1145 4610 hane
1175 4543 1339 4611 adorantia
1359 4547 1537 4631 imaginem
1564 4543 1673 4610 velere
1694 4551 1719 4634 ῼ
1743 4547 2000 4614 Horiooratorem
2027 4553 2080 4636 (Y
2107 4555 2148 4618 70
2171 4558 2302 4637 -130).

464 4650 572 4729 Quum
592 4677 729 4743 eeqnena
747 4659 854 4748 figura
875 4661 1009 4728 eandem
1022 4681 1191 4748 perennem
1217 4673 1447 4747 repraesentet,
1468 4681 1629 4748 quumque
1648 4662 1764 4730 ultimo
1786 4665 1856 4732 looo
1876 4669 1984 4753 potita
2006 4668 2070 4743 ait3
2093 4667 2179 4733 hond
2202 4671 2304 4738 dubie

462 4793 522 4857 per
548 4793 620 4837 eam
648 4790 879 4862 expresserunt
899 4775 1048 4842 Moeram
1073 4785 1098 4858 ῼ
1127 4777 1220 4864 (100)
1240 4779 1274 4842 in
1300 4785 1324 4858 ῼ
1349 4777 1465 4866 Herio.
1515 4777 1669 4848 Ceterum
1700 4783 1859 4862 Moerutz
1888 4784 1977 4851 eadit
1999 4787 2035 4850 in
2059 4791 2087 4866 1>
2116 4783 2302 4854 Dodeoate·

463 4889 588 4953 motion
610 4887 665 4975 (70
684 4889 883 4973 30’-100).
924 4893 1010 4958 Hine
1030 4914 1076 4958 ex
1096 4892 1170 4980 lege
1190 4894 1235 4960 V.
1255 4915 1354 4980 onpra
1375 4898 1526 4981 exponite
1545 4895 1653 4984 figura
1674 4909 1711 4981 2,
1737 4907 1886 4990 ququ
1916 4914 1951 4967 et
1976 4906 2002 4972 1
2028 4923 2098 4968 eum
2121 4901 2207 4987 ulia,
2231 4922 2303 4972 tom

464 4999 653 5088 religionem
675 5011 856 5074 eommunia
877 5008 1034 5089 habeant,
1055 5009 1216 5097 signifieat
1236 5033 1364 5099 qnoque
1386 5011 1677 5081 Dodeoatemorion
1706 5021 1729 5086 3
1753 5020 1787 5081 in
1812 5027 1834 5095 2
1860 5017 1983 5098 Horio,
2014 5019 2050 5086 cd
2073 5017 2233 5103 lieentia,
2260 5025 2299 5090 od

463 5118 647 5186 Domieilio.
686 5126 776 5212 Ergo
798 5126 967 5215 longitudo
988 5125 1024 5198 Θ
1047 5138 1097 5191 eat
1114 5149 1157 5191 =
1170 5139 1211 5202 Y
1232 5133 1284 5194 90.
1301 5127 1366 5193 30‘.
1407 5129 1464 5195 Sin
1493 5151 1641 5198 numeres
1664 5129 1788 5220 figurae
1808 5137 1843 5200 in
1866 5133 1899 5200 1)
1925 5133 2156 5202 eodemaenan
2174 5141 2302 5223 ponitus

464 5239 701 5325 (procedentes)
721 5260 823 5325 vaqne
842 5243 884 5308 ed
899 5243 935 5314 Θ
957 5241 1024 5330 (G),
1042 5223 1151 5307 denno
1171 5241 1272 5310 haben
1293 5249 1314 5310 9
1337 5243 1477 5328 monn,
1502 5267 1561 5314 oen
1582 5255 1603 5316 9
1626 5252 1759 5337 gradus,
1780 5271 1863 5337 quoa
1887 5239 1977 5330 Θίιι
2002 5261 2034 5318 v
2062 5254 2209 5319 emetitna
2233 5270 2302 5322 eat.
