4904 6100
6 467 8 510 l

6 527 8 566 l

5 669 8 778 l

956 517 1326 600 -171-

199 722 356 800 diuorum,
378 735 546 798 vorsum,
570 726 604 778 et
626 714 787 780 amicitiae
809 711 986 781 studiosum
1008 710 1049 794 (l.
1061 709 1121 794 4.),
1143 711 1194 774 oui
1210 709 1388 800 Horapollo
1416 709 1474 797 (ll.
1491 719 1581 801 109.)
1602 719 1786 782 assentitur.
1829 716 1922 794 Quae
1938 727 2045 792 omnia

198 839 335 904 maxime
354 842 378 913 2
400 845 481 900 sunt
501 834 640 896 virtutes
661 830 703 912 (l.
719 833 814 910 Mt.
830 849 864 916 p.
874 835 953 913 64.)

277 949 429 1033 Silarus,
452 953 610 1034 oriorpoc,
632 953 654 1022 ῼ
676 943 867 1029 symbolum.
909 941 1010 1009 'l'este
1031 941 1150 1009 Ouidio
1174 944 1269 1028 (Met.
1289 945 1332 1013 V.
1348 949 1429 1032 29.),
1454 944 1577 1029 Venus,
1604 962 1641 1014 vt
1655 948 1848 1036 Typhonem
1870 955 2039 1044 effugeret,

195 1083 313 1138 mutata
336 1083 386 1134 est
412 1070 447 1132 iu
473 1083 684 1152 squamosum
709 1063 840 1148 piscem.
884 1061 965 1128 Item
987 1061 1142 1127 Manilius
1167 1062 1270 1146 (Astu.
1285 1062 1346 1128 lv.
1365 1065 1452 1148 580.)
1475 1067 1580 1132 cauit:
1612 1061 1749 1131 Scilicet
1769 1074 1804 1132 in
1819 1075 1947 1153 pisceus
1968 1096 2039 1142 rese

196 1189 352 1273 Cytherea
375 1186 539 1263 nonsit,
570 1198 664 1264 pesse
687 1173 911 1262 Babyloniacas
939 1177 1104 1250 sudaerso
1129 1179 1292 1264 profugit
1319 1184 1355 1244 irs
1382 1181 1489 1246 cedar
1512 1181 1733 1266 capripedes·
1765 1185 1868 1248 alatis
1897 1185 2038 1256 mnis

200 1304 349 1392 Typhona
370 1302 571 1380 furentem,
599 1281 802 1381 inseruitque
831 1314 908 1360 sees
935 1302 1114 1380 speuaosir
1135 1281 1283 1382 pircs'dar
1313 1301 1432 1382 igneas.
1483 1293 1590 1372 Quum
1620 1301 1763 1384 σιλουρος
1789 1303 1911 1387 pariter
1938 1320 2034 1394 atque

196 1425 337 1504 nltonccc
357 1418 457 1486 lelern
483 1415 539 1502 (ῼ)
561 1411 746 1500 siguificare
770 1411 933 1494 videatur3
960 1427 1058 1500 puto,
1080 1411 1326 1502 Horepollinem
1350 1414 1390 1478 de
1411 1412 1472 1480 hoe
1491 1414 1631 1479 Veneris
1650 1415 1738 1500 pisce
1759 1415 1847 1505 loqui
1876 1421 1917 1504 (l.
1932 1426 2032 1510 tta),

195 1561 287 1626 quern
310 1519 411 1602 lelem
431 1535 602 1614 marinum,
624 1533 734 1614 paiens
755 1530 877 1594 trabes
898 1553 925 1596 s.
948 1531 1079 1614 ἔνυδρον
1099 1544 1274 1618 nuncupat.
1318 1533 1488 1600 Eleatem
1512 1530 1623 1596 tribuit
1644 1552 1800 1598 summam
1823 1543 2032 1609 voracitatem

196 1671 227 1720 et
253 1654 475 1722 insatiabilem
504 1651 679 1738 appetitum
706 1667 818 1728 escae,
848 1668 930 1734 quae
967 1649 989 1719 2
1024 1661 1098 1714 eunt
1126 1651 1341 1736 proprietates
1360 1650 1416 1736 ‘(p.
1434 1651 1513 1736 64.).
1558 1647 1708 1714 Ceterum
1735 1652 1808 1720 lelio
1836 1657 1889 1722 vel
1914 1660 2030 1746 ipsa2

197 1770 331 1836 animal.
375 1769 501 1834 Clarius
522 1789 600 1834 vero
620 1764 776 1832 Aelianus
799 1761 895 1848 (xit.
912 1764 980 1848 29.)
1003 1781 1125 1849 narrat,
1146 1764 1302 1848 Bubasti,
1324 1768 1357 1830 in
1374 1769 1399 1849 ῼ
1418 1769 1595 1854 prouincia,
1619 1788 1682 1854 qua
1704 1781 1736 1832 et
1757 1769 1838 1836 feles
1867 1781 1889 1851 ῼ
1919 1797 2030 1842 sacrae

197 1885 411 1969 habebantur,
431 1885 549 1952 multos
571 1883 689 1950 siluros
711 1901 820 1947 moros
838 1883 872 1946 in
896 1895 1013 1968 stagno
1034 1884 1089 1948 ali.
2099 1971 2101 1976 Ι

287 1999 389 2068 Stella
409 2007 563 2084 mnae,
586 1999 686 2087 ἅστηρ
707 2003 898 2074 θαλαπιας,
927 1998 1167 2084 asymbolum.
1209 2001 1312 2068 'l'este
1334 2001 1470 2068 Aeliano
1492 1997 1668 2084 (lxma),
1699 2001 1759 2067 boc
1782 2009 1898 2074 animal
1923 2011 2029 2076 inimi-

202 2124 356 2188 cissimum
376 2134 426 2188 eet
445 2119 579 2206 reliquis
601 2118 738 2196 ostreis,
768 2113 849 2179 adeo
875 2130 910 2181 ut
934 2137 974 2181 eu
996 2117 1128 2183 exedat.
1171 2117 1265 2196 Quae
1287 2119 1414 2207 quidem
1438 2119 1473 2184 cl*
1500 2129 1549 2181 est
1569 2120 1750 2204 proprietas
1771 2129 1817 2208 (p.
1835 2128 1911 2208 ot).
1955 2128 2029 2194 Huc

202 2253 322 2328 spectet
340 2237 423 2305 baud
445 2235 564 2318 dabie,
600 2233 685 2320 quod
716 2229 897 2318 Horapollo
920 2234 980 2315 (11.
999 2234 1044 2316 t.)
1073 2233 1190 2318 tradit,
1220 2235 1346 2302 stellam
1369 2235 1462 2310 deum
1486 2234 1624 2320 aliquem
1646 2235 1828 2322 significare
1849 2253 1881 2305 et
1902 2242 2027 2308 virilem

202 2361 346 2439 animum,
368 2369 465 2442 atque
489 2349 620 2436 (1.13.)
642 2350 805 2414 victricem
821 2349 872 2414 dei
894 2352 1142 2436 prouidentiam,
1165 2373 1225 2418 nec
1246 2375 1309 2419 nou
1330 2375 1497 2418 nanterum
1518 2354 1712 2438 quinarium.
1755 2355 1889 2424 Planeta
1910 2361 1937 2437 ἃ
1960 2364 2028 2450 qui·

198 2476 270 2542 dem
292 2475 398 2541 ordine
418 2473 551 2559 quintos
573 2479 634 2550 est,
657 2469 750 2554 cique
772 2469 967 2532 conueniunt
986 2467 1090 2536 uirilis
1111 2473 1250 2554 animus,
1272 2493 1392 2557 pugna,
1415 2471 1550 2534 victoria
1572 2470 1618 2556 (p.
1633 2473 1713 2556 ot).

855 2669 898 2744 v.
931 2672 1094 2746 aar..
1117 2649 1165 2748 α’
1178 2675 1355 2748 Parra.

270 2827 461 2906 Aerarius,
490 2825 632 2897 ἄκανθος
640 2869 651 2902 ,
684 2813 824 2917 ρων),
850 2825 874 2904 ἒ
898 2819 1070 2907 significat.
1115 2821 1215 2889 'l'este
1238 2823 1396 2888 Strabone
1418 2818 1545 2904 (xvll.
1562 2841 1593 2904 p.
1609 2821 1684 2885 587.
1699 2819 1787 2906 Tm),
1806 2820 2027 2891 Acantborum
2147 2907 2150 2914 Ι

191 2949 280 3014 lucos
301 2947 448 3035 Apollini
467 2941 534 3028 (ti)
557 2961 650 3006 secer
675 2953 755 3005 erat.
799 2937 932 3024 Abydos
954 2943 1043 3026 ipsa,
1076 2962 1140 3026 qua
1167 2943 1200 3004 in
1224 2938 1305 3004 vrbe
1331 2936 1421 3006 lucus
1443 2936 1662 3003 Acentborum
1685 2938 1855 3020 exstabat,
1885 2945 2024 3025 pertinet

190 3066 230 3130 ad
263 3065 287 3146 ξ
317 3064 479 3128 decuriam
505 3062 540 3126 in
563 3065 609 3136 ὅ.
652 3056 753 3122 Ροπο
784 3055 824 3120 de
847 3055 992 3120 Acantho
1018 3059 1090 3138 aui,
1122 3078 1205 3143 quae
1233 3058 1372 3122 nominis
1400 3077 1496 3120 caum
1521 3077 1585 3121 uon
1614 3059 1720 3141 potuit
1748 3079 1812 3122 nou
1836 3059 1938 3124 eidem
1963 3061 2024 3126 deo

190 3203 288 3246 sacra
308 3201 388 3260 ease,
411 3176 567 3243 Aelianus
587 3173 648 3254 (X.
665 3174 732 3257 32.)
757 3195 797 3237 ea
818 3171 992 3257 praedicat,
1016 3195 1109 3260 qnae,
1131 3177 1181 3241 vti
1203 3189 1315 3242 cautus
1340 3188 1373 3239 et
1394 3194 1470 3238 cura
1491 3175 1663 3255 viatorum,
1685 3171 1768 3239 bene
1789 3180 2025 3260 §conueniunt

196 3297 285 3380 (tt.
300 3301 351 3360 52.
366 3317 402 3379 p.
419 3291 501 3376 oa).
545 3289 691 3355 Ceterum
713 3287 879 3358 Acanthus
909 3287 995 3353 baud
1024 3289 1120 3356 dubie
1148 3313 1211 3356 non
1240 3293 1348 3358 differt
1380 3288 1421 3354 ab
1448 3293 1575 3373 acacia,
1603 3313 1699 3377 quam
1720 3290 1817 3378 Copti
1845 3307 1878 3360 et
1898 3295 2024 3362 Arabes

197 3417 450 3498 interpretantur
470 3403 599 3508 φυγή,
621 3404 751 3496 wi,
773 3407 911 3489 decedo,
936 3409 1053 3488 amnia,
1076 3406 1217 3473 Hebraei
1241 3417 1330 3504 remp,
1351 3411 1486 3490 animosa
1509 3407 1651 3474 nilotica.

173 3593 176 3598 ,
286 3529 422 3611 Alls’srrr,
445 3529 612 3610 caeparios,
633 3544 786 3608 perrarus,
810 3548 949 3610 πρασαν,
970 3545 1055 3615 uxr,
1074 3526 1167 3617 861³,
1188 3528 1284 3618 μσς,
1308 3525 1343 3598 Θ
1367 3525 1549 3615 significare
1570 3529 1709 3593 videtur.
1752 3525 1851 3591 'l'este
1878 3529 2025 3595 quenali

194 3649 281 3732 (Sat.
295 3635 374 3714 XV.
389 3646 447 3726 a),
469 3645 655 3730 porrumin
678 3643 780 3706 bostis
802 3639 967 3707 colebatur
985 3642 1204 3730 Aegyptiacis,
1221 3657 1257 3709 vt
1279 3644 1390 3730 plante
1409 3667 1502 3710 sacra
1523 3659 1556 3710 et
1577 3648 1730 3731 propitia,
1752 3665 1836 3729 quae
1856 3647 1926 3728 ipsa
1940 3645 2025 3710 Solis

192 3763 372 3854 symbolum
390 3761 524 3828 valeret.
567 3759 642 3826 Huc
664 3771 789 3846 spectet
811 3780 890 3824 usus
910 3759 1124 3843 Graecorum,
1152 3763 1237 3827 lento
1259 3760 1536 3848 Sciropboriorum
1561 3761 1637 3826 allio
1659 3758 1809 3824 vescendi
1831 3760 1871 3823 ad
1896 3763 2024 3848 suppri-

185 3882 305 3952 menda
332 3881 541 3945 incitamenta
567 3897 708 3942 venerea
734 3875 871 3959 (Krene.
886 3875 997 3962 Symb.
1012 3875 1073 3943 lv.
1089 3899 1122 3964 p.
1139 3882 1241 3966 453.).
1285 3879 1395 3967 Ipsum
1424 3881 1508 3945 enim
1538 3876 1599 3942 boo
1628 3877 1765 3959 lutum,
1793 3898 1856 3964 quo
1884 3875 2025 3942 umbella

181 4022 277 4070 uacca
300 3993 551 4083 deportabatur,
586 3993 625 4056 ad
648 3989 683 4062 Θ
704 4007 866 4084 spectasse
889 3994 1027 4060 videtur.
1071 3993 1224 4062 Ceterum
1253 3995 1294 4062 ab
1325 3995 1400 4062 allio
1431 4008 1463 4060 et
1489 4016 1586 4082 porro
1614 3994 1821 4060 discernenda
1843 4007 1892 4058 est
1914 4015 2025 4082 caepa,

186 4122 211 4204 t)
234 4113 435 4206 cymbulam,
457 4112 497 4177 de
519 4133 585 4200 quo
604 4111 701 4176 inira.
1070 4179 1073 4190 ¹
1491 4119 1498 4132 ·

267 4232 380 4312 Aloe,
403 4229 500 4312 tter„
524 4236 555 4298 sd
577 4227 756 4314 symbolum
778 4249 852 4294 esse
871 4230 1029 4316 videtur„
1053 4229 1146 4296 Haec
1166 4232 1251 4295 enim
1273 4229 1401 4318 plante,
1424 4230 1458 4293 iu
1478 4227 1628 4318 Aegypto
1649 4227 1926 4314 frequentissima,
1947 4225 2027 4291 folia

185 4351 286 4418 babet
307 4349 486 4414 tomaene
507 4343 724 4424 mecolaeta,
746 4367 829 4433 quae
851 4367 930 4437 sane
952 4357 983 4418 θ’
1008 4345 1196 4413 affinitatem
1216 4360 1405 4414 monstrant.
1448 4343 1522 4410 lluo
1541 4357 1665 4432 spectat
1687 4341 1771 4408 baud
1795 4341 1894 4408 dubie
1914 4341 2027 4412 labala

188 4467 397 4546 Graecorum,
420 4486 484 4552 qua
502 4462 599 4539 Ὠτας
618 4467 766 4550 (noctua)
788 4476 821 4528 et
840 4461 1013 4550 Ἔφιαλτης
1034 4467 1265 4554 (impugnator)
1291 4466 1437 4532 dicuntur
1454 4463 1626 4542 Ἀλωειδαι,
1648 4459 1709 4525 filii
1727 4460 1834 4545 Aloei,
1855 4461 1959 4544 ueluti
1979 4463 2026 4542 sd,

185 4583 320 4672 patroni
347 4580 446 4648 aloes.
489 4579 617 4646 Noctua
639 4582 724 4646 enim
749 4581 780 4645 r?
805 4591 855 4646 est
880 4579 1080 4668 symbolum,
1109 4586 1311 4672 impugnatio
1331 4585 1358 4661 ἃ
1379 4583 1498 4660 virtus,
1528 4599 1610 4663 quae
1632 4580 1763 4644 numina
1788 4582 1900 4668 utique
1920 4579 2028 4658 Aloei,

185 4723 244 4768 seu
267 4697 329 4764 filii
351 4698 383 4761 θ’
408 4699 460 4764 dei
481 4699 543 4764 dici
564 4710 721 4786 poterant.
766 4697 915 4786 Denique
936 4698 1048 4765 lolium
1078 4699 1166 4766 aloes
1188 4723 1246 4787 per
1273 4722 1308 4764 se
1336 4697 1449 4762 bastae
1472 4695 1593 4780 cuspidi
1619 4694 1816 4764 simillimum
1839 4711 1906 4782 est,
1930 4711 2027 4784 atque

185 4819 283 4883 basta
304 4820 336 4883 θ’
359 4814 540 4901 symbolum
561 4812 699 4880 babetur
719 4812 761 4900 (l.
777 4821 808 4896 ἦ.
820 4821 873 4881 49.
887 4838 919 4903 p.
936 4821 990 4881 62.
1006 4839 1038 4882 u.
1053 4819 1111 4901 5.).

273 4931 409 5012 Cedrss,
432 4933 551 5020 stipor,
574 4952 669 5039 01q13
686 4937 799 5018 pinara
821 4955 922 5012 παυς,
945 4925 1068 5024 con†;
1091 4929 1286 5017 Oppressere,
1309 4951 1520 5014 ecucprooos,
1540 4927 1706 5011 videntur,
1729 4951 1826 5018 quum
1850 4949 1963 4996 omnes
1984 4931 2028 4996 ai·

183 5047 275 5126 milis
295 5062 432 5116 naturae
463 5061 496 5114 et
520 5047 647 5138 figurae
678 5060 805 5129 essem,
838 5047 974 5112 eundem
999 5050 1093 5114 deum
1124 5048 1242 5134 quippe
1270 5045 1305 5113 ὦ
1333 5044 1498 5136 Aegyptiis
1528 5042 1738 5132 significasse.
1782 5046 1915 5114 Testem
1944 5060 2029 5114 certe

181 5167 342 5236 babemus
368 5166 611 5234 Artemidorum
643 5167 827 5251 (Oneirocr.
843 5162 887 5228 ll.
905 5165 958 5229 25.
972 5186 1006 5251 p.
1023 5168 1097 5235 183.
1116 5163 1238 5248 licia),
1269 5165 1380 5250 pinum
1409 5165 1530 5250 (narni)
1556 5163 1736 5246 symbolum
1763 5187 1833 5232 esse
1865 5165 1963 5252 fugae
1995 5174 2029 5225 et

182 5285 424 5366 destructionis,
450 5303 534 5370 quae
557 5290 587 5354 d
612 5297 688 5350 sunt
709 5285 859 5372 propriae
881 5286 927 5370 (p.
942 5285 1020 5372 62).
1063 5283 1194 5350 Diserte
1216 5297 1323 5354 autem
1337 5281 1528 5352 Eustatbius
1549 5277 1663 5448 (Yl'oss.
1681 5279 1799 5349 Theoi.
1816 5277 1856 5347 Ε.
1873 5281 1914 5344 1..
1934 5275 2029 5346 VIII.

1595 5389 1616 5448 2
