4896 6096
1171 519 1538 600 ...124-

442 718 533 786 turci
558 712 760 802 Quamquam
784 711 864 778 bueo
885 715 1013 799 quidem
1033 713 1145 780 sabula
1165 735 1229 778 nun
1250 733 1378 800 semper
1400 711 1629 780 eodemmodo
1652 723 1822 794 uenator,
1843 715 1917 780 ‘eius
1941 727 2049 778 terren
2072 735 2198 782 summa
2220 714 2282 782 sihi

441 845 579 900 constat.
622 829 781 898 Narratur
803 832 954 896 nimirum
977 831 1082 896 Osiris
1105 831 1347 918 expeditionum
1369 831 1485 898 iecisse
1505 850 1577 894 curn
1599 827 1770 895 comitibus
1790 806 1879 912 reti,
1908 827 2009 898 donec
2030 845 2120 898 cerm
2140 832 2281 922 quodam

441 950 514 1018 locu
533 945 770 1014 interficeretur
802 945 1003 1034 aTyphone
1022 948 1137 1013 fratre.
1180 947 1318 1030 Postea,
1348 962 1384 1012 st
1409 950 1518 1027 aiunt,
1550 947 1655 1013 Osiris
1688 947 1722 1014 in
1751 947 1850 1012 vitam
1873 959 2043 1014 reuocatus
2065 961 2114 1013 est
2143 962 2177 1014 et
2198 947 2282 1015 Hori

442 1069 572 1134 nomine
595 1065 698 1132 denuo
727 1063 888 1148 regnauit.
932 1063 1036 1129 Nemo
1058 1067 1177 1143 nescit,
1207 1064 1369 1131 Osiridem
1393 1086 1464 1130 sess
1487 1065 1541 1138 Θ;
1571 1066 1641 1128 eius
1669 1065 1803 1129 comites
1834 1065 1923 1146 Η,
1954 1085 2013 1133 nae
2040 1087 2107 1135 uon
2137 1071 2186 1143 Μ
2214 1063 2282 1148 Ty·

442 1182 581 1271 phonem
594 1180 728 1248 fratrem
742 1178 972 1246 semicirculum
987 1180 1154 1246 hibernum
1170 1165 1240 1246 sine
1255 1181 1427 1258 infernum,
1443 1183 1584 1246 strictius
1594 1178 1782 1244 Torrentem
1798 1178 1852 1248 vsl
1866 1177 2083 1256 Quadrantem
2100 1181 2281 1256 hibernum,

443 1301 642 1368 strictissime
657 1295 827 1362 solstitium
845 1294 1024 1362 hibernum.
1058 1296 1151 1375 Quae
1166 1301 1274 1366 omnia
1291 1299 1419 1364 disertis
1433 1309 1581 1360 veterum
1601 1297 1796 1362 testimoniis
1811 1294 2052 1368 mammantes.
2077 1298 2199 1366 Narrat
2215 1299 2283 1364 lde·

444 1419 577 1486 rodotus
591 1413 758 1502 (ll-itm),
772 1412 916 1498 Memphi
930 1417 964 1478 in
978 1412 1098 1500 templo
1113 1413 1252 1478 Vulcani
1266 1413 1347 1477 duae
1359 1412 1460 1476 irrissa
1478 1423 1615 1491 statuae,
1636 1409 1789 1491 alterum,
1807 1409 1854 1476 od
1865 1409 2060 1495 Apurlsscsr
2077 1424 2281 1498 spectamen

446 1556 488 1600 oc
504 1534 645 1599 oertotis
659 1531 786 1591 somine
800 1532 1003 1612 issrgnr'tosr,
1019 1528 1061 1595 od
1069 1529 1242 1615 Aegyptiis
1259 1528 1435 1594 odorotcrs
1451 1525 1622 1610 stultisque
1639 1523 1891 1590 deswolests'oe
1907 1547 1949 1590 oc
1962 1534 2171 1594 rescrssmss
2185 1536 2281 1594 terte·-

313 1687 317 1690 -
437 1645 658 1730 ficotr'um'dur
678 1643 932 1710 condecoratam
944 1645 1079 1722 fuisse,-
1102 1647 1242 1712 alternat
1265 1664 1356 1726 oero,
1372 1662 1457 1728 quoe
1470 1642 1628 1708 Asrtrsss
1648 1645 1812 1726 respersit,
1829 1639 1999 1727 durusque
2016 1643 2280 1732 smmpstotsr,

447 1768 622 1833 contructis
637 1761 745 1847 pluteo
768 1767 923 1846 experire·
935 1759 1095 1830 debuisse.
1137 1763 1188 1828 Eu
1208 1763 1272 1826 duo
1286 1761 1535 1848 hemisphaeria,
1549 1781 1702 1846 superum
1718 1772 1817 1846 atque
1835 1760 1987 1841 inferum,
2004 1764 2059 1828 oui
2076 1763 2102 1848 h
2122 1776 2281 1848 praearm.

448 1885 522 1952 Huc
543 1892 676 1968 spectat,
699 1877 784 1965 quod
808 1878 962 1962 Aegyptii
980 1900 1127 1944 occasum
1142 1888 1177 1956 ω
1193 1877 1354 1944 crocodilo
1377 1877 1599 1965 significarunt
1616 1877 1756 1966 (Horap.
1771 1883 1801 1942 1.
1814 1878 1891 1960 oa).
1934 1876 2123 1948 Crocodilus
2148 1881 2274 1962 enirnh

449 2022 550 2081 sacer,
575 2009 672 2082 atque
695 1991 968 2080 hemisphaerium
988 2009 1179 2063 nocturnum
1203 1996 1376 2082 respondet
1397 1995 1639 2082 hemisphaerio
1656 1995 1773 2076 iniero,
1794 1992 1898 2060 ueluti
1916 2009 2098 2064 constanter
2115 2011 2282 2064 nocturno.

447 2119 548 2184 Porro
569 2112 666 2177 tradit
683 2109 858 2176 oraculum
880 2108 1052 2195 Apollinis,
1076 2110 1184 2176 Solem
1201 2110 1307 2178 hieme
1328 2112 1390 2178 dici
1407 2111 1527 2178 Orcum
1551 2113 2001 2198 (suppeditaturum,
2028 2115 2053 2199 h
2081 2113 2283 2182 adscribitur.

449 2230 618 2298 Habemus
632 2247 710 2313 ergo
725 2226 930 2310 iydominnm
944 2227 1060 2295 hiemis
1082 2251 1179 2296 sensu
1200 2231 1363 2296 strictiori.
1392 2230 1519 2297 Deinde
1536 2229 1641 2296 Osiris
1655 2231 1869 2315 interemptus
1884 2229 2000 2298 dicitur
2015 2253 2035 2296 a
2048 2228 2213 2316 Typhone
2225 2232 2285 2300 suh

450 2347 621 2414 solstitium
643 2341 824 2424 hibernum,
849 2366 911 2430 quo
934 2348 1083 2413 iuuenem
1104 2344 1277 2428 osiridem,
1298 2346 1437 2430 Horum,
1457 2369 1516 2413 serr
1534 2323 1653 2412 nouutb
1676 2351 1722 2428 Θ,
1745 2346 1810 2412 Isis
1828 2348 1940 2434 gessit
1960 2346 2062 2428 (Plut.
2074 2347 2119 2418 ls.
2132 2370 2170 2434 p.
2183 2353 2283 2430 dim).

450 2466 540 2551 Ergo
562 2460 703 2548 Typhon
724 2462 924 2526 strictissima
942 2477 1079 2530 vocatur
1105 2461 1279 2550 solstitium
1299 2461 1470 2532 hibernum
1491 2466 1608 2551 ipsum.
1650 2461 1824 2531 Praeterea
1845 2462 2012 2550 Typhonis
2033 2467 2163 2532 nomina
2183 2469 2285 2560 intig-

451 2585 583 2648 niuntcr
604 2579 699 2663 signa
719 2585 758 2659 τ),
777 2580 948 2664 praecipue
969 2587 1016 2661 z.
1060 2578 1196 2647 Constat
1214 2584 1248 2646 in
1261 2579 1461 2666 Labyrinthp
1482 2583 1582 2648 luisse
1595 2579 1796 2649 Nestcsesrs.
1837 2580 2058 2666 Labyrinthus
2080 2603 2157 2650 vero
2176 2586 2287 2671 imago
2332 2639 2336 2647 .

451 2695 581 2762 zodiaci
607 2695 679 2776 fuit,
702 2707 799 2782 atque
817 2694 968 2762 Nemesis
991 2719 1108 2763 nomen
1136 2701 1160 2781 h
1189 2700 1360 2785 planetae,
1383 2711 1419 2765 vt
1439 2699 1576 2766 vidimus
1598 2698 1645 2785 (p.
1663 2696 1741 2784 tu).
1783 2697 1872 2784 Ergo
1893 2701 2033 2786 signum,
2055 2703 2110 2770 sel
2130 2709 2275 2793 aignan

450 2811 637 2912 zodiacalia
663 2833 780 2878 nomen
806 2813 831 2899 l)
860 2811 1026 2899 gerebant.
1067 2815 1154 2883 llinc
1174 2815 1295 2903 templa
1322 2829 1612 2882 commemorantur
1632 2813 1825 2900 Typhonis,
1857 2836 1940 2900 quac
1959 2817 2130 2889 Nemaseis
2148 2823 2213 2892 illis
2234 2849 2287 2892 re-

452 2930 620 3016 spondent.
662 2928 748 2995 Hinc
774 2941 808 2994 et
829 2932 914 2996 inter
933 2933 1073 3018 quinque
1095 2953 1198 2998 nouos
1219 2933 1299 3001 deos
1320 2934 1424 3000 sarim
1442 2946 1557 3028 netes,
1585 2935 1640 3019 qui
1662 2953 1734 2999 cum
1755 2936 1774 2996 7
1796 2931 1957 3018 prioribus
1979 2940 2021 3000 12
2040 2939 2134 3026 sime
2152 2941 2286 3011 zodiaci

452 3051 651 3136 exprimunt,
674 3057 800 3130 veteres
821 3043 1015 3132 Typhonem
1033 3063 1223 3132 memorant,
1244 3071 1289 3116 ox
1313 3070 1377 3136 quo
1399 3047 1520 3122 clarum
1542 3064 1603 3130 est,
1625 3059 1701 3116 cunr
1718 3048 1793 3117 binc
1814 3049 1877 3114 duo
1901 3048 2075 3137 Typhones
2096 3078 2285 3128 mammen-

452 3183 515 3249 tur,
539 3165 603 3230 duo
625 3165 720 3252 signa
739 3182 855 3228 nornen
877 3163 1028 3230 habuisse
1050 3163 1230 3251 Typhonis.
1274 3164 1370 3242 Quod
1392 3169 1530 3257 prbuunp
1550 3165 1639 3232 valet
1663 3166 1704 3230 tle
1725 3183 1781 3237 stt.
1825 3165 1912 3232 Nam
1937 3166 2087 3254 Typhon
2104 3177 2285 3246 crocodilus

451 3305 542 3350 sacer
562 3293 649 3361 erat,
669 3281 724 3365 qui
743 3278 910 3346 colebatur
935 3283 970 3347 in
991 3281 1072 3347 vrbe
1095 3284 1229 3350 Ombos.
1271 3283 1399 3349 Dicitur
1421 3281 1560 3368 Typhon
1580 3281 1732 3349 crocodili
1752 3282 1888 3349 formam
1912 3283 2066 3369 subiisse,
2094 3305 2132 3356 vt
2154 3292 2286 3381 ingeret

453 3399 628 3466 vindictam
648 3395 744 3479 Hori,
765 3396 825 3462 suh
846 3397 1022 3464 solstitium·
1041 3398 1211 3468 hibernum
1233 3401 1312 3466 neti.
1342 3397 1532 3468 Plutarchus
1554 3399 1611 3487 (ls.
1622 3400 1725 3483 371),
1751 3397 1897 3484 Typhoe,
1918 3403 2036 3488 inquit,
2060 3415 2099 3470 ot
2118 3409 2288 3496 effugent

451 3524 536 3583 trost
557 3510 655 3596 Hori,
666 3511 815 3590 formast
839 3513 1002 3579 crocodili
1019 3516 1172 3584 adscisit.
1216 3516 1431 3604 Cogitendum
1454 3518 1563 3602 risque
1584 3515 1624 3582 da
1645 3518 1738 3602 signo
1753 3529 1827 3604 post
1848 3515 2022 3588 solstitium
2043 3520 2214 3594 hibernent
2234 3551 2285 3595 ss·

452 3633 565 3698 cnudo.
609 3630 679 3696 Iam
706 3629 830 3696 Ombos
860 3631 1033 3718 respondet
1054 3636 1149 3721 sigrro
1176 3647 1241 3718 stt,
1274 3655 1373 3722 quare
1399 3631 1540 3718 Typhon
1567 3632 1746 3719 demerui
1774 3635 1946 3708 secundam
1970 3637 2142 3724 significet.
2184 3644 2285 3711 Porro

452 3751 571 3815 mensis
593 3747 827 3834 Aegyptiorum
844 3743 941 3834 Tybi,
960 3753 1053 3832 Tossr,
1075 3763 1187 3842 τωῃι,
1208 3753 1328 3824 iisdem
1343 3749 1510 3824 vocabulis
1531 3763 1657 3825 constet
1678 3766 1777 3838 stqse
1796 3750 1934 3841 Typho,
1958 3757 2076 3838 Ίὶιφω,
2097 3757 2220 3826 scilicet
2240 3785 2284 3828 ex

451 3862 644 3958 †psgsore
658 3878 807 3960 etopus
829 3874 967 3949 contro,
990 3889 1072 3956 quae
1090 3868 1221 3937 hostem
1239 3869 1433 3958 significent.
1474 3870 1601 3957 Reapse
1627 3870 1652 3956 ly
1677 3855 1774 3941 oruni'
1787 3868 1864 3965 honi
1886 3870 1992 3939 hostis
2014 3885 2113 3960 atque
2132 3875 2282 3948 merso·

454 3985 521 4046 rius
540 3977 732 4046 habebatur.
776 3980 899 4049 Mensis
916 4005 995 4050 vero
1019 3982 1106 4070 Tybi
1128 3989 1222 4072 signo
1247 3994 1279 4068 z
1305 3987 1478 4074 respondet
1498 3986 1539 4068 (1.
1554 3987 1649 4064 §.32
1661 4010 1693 4076 p.
1706 3989 1786 4075 dih).
1829 3989 1874 4054 Et
1894 3988 1978 4056 hano
1994 3988 2038 4055 ub
2059 4011 2190 4060 cusam
2211 3996 2284 4062 θα·-

451 4099 530 4164 ridis
555 4094 737 4184 sepulcrum
759 4095 953 4184 (Taposiris)
976 4100 1062 4171 hand
1079 4101 1191 4188 procul
1213 4103 1253 4168 uh
1276 4103 1480 4174 Alexandria
1499 4101 1699 4188 habebatur,
1738 4128 1822 4194 puae
1847 4109 2069 4192 prouinoiaz
2100 4081 2284 4196 respondet.

453 4215 558 4282 Osiris
580 4212 666 4288 enim
686 4211 747 4280 suh
767 4214 896 4278 initium
922 4221 951 4294 ἦ
979 4218 1114 4301 periisse
1134 4219 1270 4301 dicitur,
1291 4225 1409 4308 quippe
1430 4218 1571 4287 solstitio
1591 4219 1741 4297 hiberno.
1780 4223 1868 4294 Hinc
1895 4224 1993 4290 etium
2011 4223 2098 4312 apud
2120 4225 2219 4294 ludos
2243 4239 2276 4312 z

452 4331 644 4420 exprimitur
652 4329 837 4414 crocodilo,
862 4331 887 4416 h
912 4330 1056 4417 symbolo
1071 4334 1161 4418 (Vid.
1174 4335 1350 4406 zodiacum
1362 4339 1507 4409 Indicum
1519 4342 1554 4406 irr
1567 4339 1738 4412 Tresssct.
1753 4341 1791 4411 el
1802 4341 1858 4406 tha
1870 4339 1911 4406 ll.
1925 4341 2029 4408 Arist.
2044 4340 2115 4408 Suo·
2132 4339 2206 4410 Vol.
2218 4344 2284 4412 111.

451 4449 487 4516 P.
501 4448 529 4514 1.
541 4445 625 4514 Tel).
639 4451 666 4512 1.
680 4448 741 4534 sig.
762 4447 829 4532 z).
871 4449 960 4536 Ergo
983 4446 1122 4536 Typhon
1148 4468 1216 4520 tarn
1241 4463 1291 4539 z,
1316 4471 1385 4525 turn
1405 4469 1446 4534 tit
1466 4456 1639 4546 significat.
1682 4459 1725 4524 Et
1753 4457 1844 4527 huno-
1858 4455 1907 4522 nb
1929 4477 2055 4525 causnm
2074 4453 2286 4530 bfladdultie

450 4561 638 4632 Plutarchus
660 4563 718 4650 (la.
734 4564 823 4648 art.)
845 4563 1036 4654 Typhonem
1060 4583 1093 4634 et
1112 4570 1288 4658 Nephthyu
1311 4572 1387 4638 dicit
1401 4599 1474 4645 sus
1500 4575 1642 4655 legerere
1666 4571 1858 4656 duropssos,
1893 4577 2010 4660 quippe
2031 4569 2284 4666 fines-Aegypti

450 4693 483 4746 et
511 4679 693 4762 superiores
714 4684 783 4764 (aa)
812 4695 846 4746 ct
872 4685 1041 4752 interiores
1070 4686 1143 4771 (ἦ)
1168 4700 1386 4773 occupantem.
1427 4689 1529 4755 l‘orro
1556 4690 1695 4777 Typhon
1722 4693 1821 4756 stiam
1851 4689 1976 4757 Nomos
2002 4689 2028 4776 i)
2055 4696 2285 4765 comumnes

448 4791 623 4884 significat.
666 4791 944 4866 Commemoratur
970 4799 1048 4872 vrhs
1073 4799 1246 4888 Typhonis
1271 4803 1358 4870 haud
1384 4806 1498 4891 procul
1529 4829 1549 4874 a
1569 4807 1704 4875 Pelusio
1720 4810 1785 4874 situ
1813 4805 1957 4893 (loseph.
1972 4831 2001 4874 c.
2015 4807 2081 4894 Ap.
2095 4809 2158 4897 1.),Ι
2186 4836 2283 4900 qna·

446 4909 672 4994 Jahlunsltins,
703 4911 821 4990 credo,
848 4929 935 4985 recte
960 4932 1128 5003 comparet
1155 4918 1285 5001 (Panth.
1300 4921 1344 4991 V.
1357 4925 1427 5002 83.)
1459 4943 1532 4990 cum
1559 4924 1685 4998 Sathro.
1729 4923 1808 4992 Seth
1837 4925 1923 4989 enim
1951 4923 1999 5006 i),
2026 4945 2085 4994 seu
2114 4925 2284 5016 Typhsn's

347 5122 349 5130 Α
447 5049 632 5116 cognomen.
676 5026 762 5094 Sane
785 5027 810 5100 tt
835 5050 950 5096 uorsus
971 5034 1004 5097 in
1027 5045 1068 5104 ὲ
1085 5032 1234 5105 hahetur.
1277 5036 1362 5104 Vtut
1382 5041 1436 5120 sit,
1457 5044 1570 5128 negari
1586 5046 1697 5132 nequit
1714 5065 1733 5108 s
1753 5039 1911 5126 Typhona
1933 5042 2032 5111 auam
2051 5039 2195 5129 Nomos>
2212 5051 2282 5114 sius

446 5146 591 5218 decumas
609 5143 739 5212 Zodiaei
763 5151 896 5214 numina
918 5152 1089 5237 accepisse.
1133 5150 1286 5220 Ceterum
1308 5177 1366 5242 par
1387 5179 1424 5224 se
1446 5157 1567 5224 clarum
1588 5173 1649 5240 est,
1672 5157 1863 5246 Typhonem
1885 5159 1984 5228 etiam
2002 5157 2039 5228 Θ
2060 5158 2101 5228 itr.
2120 5155 2146 5226 1²
2174 5160 2281 5236 dorsi·

443 5262 525 5330 ciliis
552 5277 736 5328 versantem
757 5263 953 5352 significare.
996 5265 1085 5338 Hinc
1104 5264 1254 5353 Typhoui
1280 5273 1500 5362 interregnum
1525 5277 1684 5362 qmdtan
1709 5273 1899 5349 adscribitur
1930 5273 2066 5357 (Auen.
2080 5267 2178 5360 Deip.
2195 5277 2281 5347 XV.
