4928 6102
1127 567 1213 580 —-
1268 491 1456 601 Ἧι...-

377 728 569 824 antiquae,
590 731 670 794 tam
686 713 830 789 multae
853 722 1005 810 tamque
1029 723 1142 810 aptae
1164 715 1426 788 inuenit-entur
1444 679 1723 790 astronomicae
1748 717 2026 816 inscnpciones.
2058 715 2230 807 (lirciter¹

379 866 487 938 2000
512 869 551 930 ct
572 852 673 953 quod
699 849 867 926 excurrit
893 847 1167 944 Acgyptiorum
1191 848 1476 923 obseruationes
1503 849 1552 924 ad
1573 861 1743 926 notham
1765 861 1932 928 aetatem
1951 864 2220 952 peruenerunt,

381 1019 479 1096 quae
511 991 559 1066 ah
592 997 718 1062 aetate
752 981 982 1072 Abrahami,
1015 981 1191 1082 losephi‚
1223 983 1341 1058 Mosis
1370 1005 1490 1081 voque
1521 984 1572 1058 ad
1607 982 1898 1062 Constantinum
1930 989 1983 1063 M.
2008 1011 2086 1066 vno
2111 989 2222 1087 quasi

384 1147 514 1207 tenore
535 1146 619 1198 sese
645 1120 849 1219 excipiunt.
902 1113 1046 1205 Quibus
1066 1120 1107 1190 in
1129 1120 1384 1194 monumentis
1406 1130 1556 1223 praeter
1580 1131 1726 1219 septem
1747 1123 1986 1222 planetarum
2005 1123 2088 1196 loca
2109 1122 2223 1198 simul

383 1267 584 1343 obseruata
608 1263 948 1331 commemorantur
973 1252 1156 1328 historiae
1180 1251 1360 1352 epochae,
1389 1256 1561 1330 maxime
1579 1277 1710 1350 regum
1735 1259 1946 1350 natalitiae,
1960 1257 2096 1356 quibus
2120 1266 2224 1331 astro

384 1402 585 1478 obseruata
612 1401 748 1465 essent
800 1386 1014 1482 Longitudo
1048 1385 1286 1486 planetarum
1319 1389 1598 1462 accuratissime
1634 1389 1877 1484 describitur,
1920 1392 2019 1467 adeo
2046 1403 2092 1468 vt
2119 1391 2223 1465 nullo

385 1527 595 1636 (1888888,
627 1525 717 1623 quin
739 1523 882 1620 passim
905 1522 1011 1597 nulla
1038 1520 1087 1596 dc
1113 1525 1261 1598 minuta
1286 1532 1400 1619 atque
1426 1522 1592 1598 secunda
1614 1521 1788 1606 dubitare
1812 1529 2017 1626 posssimus
2065 1523 2225 1600 Constat

385 1679 527 1751 autem,
541 1661 837 1759 qualemcunque
862 1656 1186 1731 constellationem
1204 1667 1350 1756 septem
1364 1655 1604 1754 planetarum
1620 1661 1672 1758 (Θ
1690 1669 1715 1752 a
1733 1671 1856 1754 tot
1880 1669 1903 1750 8
1926 1661 1966 1760 p)
1981 1683 2050 1759 per
2069 1663 2226 1734 215000

386 1820 582 1886 annorum,
609 1792 816 1869 accuratius
842 1815 911 1891 per
933 1791 1043 1890 plura
1069 1793 1211 1866 centies
1236 1793 1527 1867 centenamillia
1553 1792 1670 1866 semel
1696 1805 1843 1870 tontum
1868 1795 2051 1884 accidere,
2069 1795 2161 1892 8818
2183 1793 2226 1864 18

387 1951 494 2018 tanto
521 1948 734 2029 temporum
759 1927 883 2026 spatio
908 1927 1061 2000 nonnisi
1084 1949 1203 2005 vnum
1229 1947 1314 2000 esse
1341 1925 1465 2018 diem,
1485 1949 1560 2025 quo
1586 1927 1781 2004 obseruari
1805 1930 1937 2028 possit.
1989 1928 2225 2002 Facillimum

388 2097 481 2151 vero
509 2079 568 2142 est
595 2077 635 2138 et
660 2063 923 2150 certissimum,
948 2083 1081 2134 eruere
1109 2060 1226 2149 diem,
1252 2083 1324 2158 quo
1351 2061 1445 2136 tales
1471 2073 1658 2136 astrorum
1683 2062 1967 2137 obseruationes
1996 2060 2227 2143 exstiterint,

391 2233 462 2310 cpe
500 2200 715 2278 tabularum
745 2207 959 2271 nostrarum
989 2197 1336 2272 astronomicarum.
1391 2192 1474 2284 Qua
1499 2197 1547 2270 de
1580 2218 1695 2271 causa
1726 2197 1802 2270 illis
1834 2201 1938 2272 2000
1963 2193 2228 2271 astronomicis

389 2335 699 2437 inscriptionibus
729 2329 892 2403 totidem
921 2315 1101 2404 historiae
1138 2329 1304 2429 epochae
1328 2332 1467 2406 mirum
1493 2333 1534 2404 in
1561 2329 1718 2405 modum
1745 2343 1937 2421 accurate,
1982 2334 2121 2429 quippe
2152 2347 2230 2402 non

391 2478 514 2555 solum
539 2495 608 2571 pro
634 2475 746 2554 anno,
766 2485 896 2537 mense
922 2474 963 2535 et
988 2466 1210 2563 septimana,
1234 2463 1306 2538 sed
1331 2471 1448 2540 etiam
1473 2488 1544 2566 pro
1567 2465 1631 2540 die
1657 2475 1697 2536 et
1719 2449 1813 2538 hora
1835 2457 2075 2539 deliniuntur.
2123 2462 2229 2537 'Sane

391 2633 504 2688 nemo
531 2605 626 2680 haec
651 2601 745 2676 talia
771 2609 995 2696 exspectare
1019 2600 1157 2695 potuit.
1211 2597 1388 2674 Ceterum
1408 2622 1540 2695 regum
1563 2600 1837 2698 Aegyptiorum
1865 2601 2097 2697 aliorumque
2109 2614 2232 2696 ‘popu-

392 2751 513 2823 lorum
545 2737 747 2833 dynastiae
781 2733 958 2830 deinceps
992 2753 1132 2827 magrm
1166 2755 1219 2805 ex
1251 2747 1360 2833 parte
1388 2748 1659 2813 enumerantur
1685 2733 1790 2835 apud
1820 2735 2020 2814 historicos
2052 2745 2164 2831 atque
2190 2733 2233 2804 in

394 2877 543 2956 'labula
560 2870 735 2964 Abydica
753 2891 776 2940 a
794 2865 942 2939 Banlres
958 2876 1148 2962 repertae
1166 2866 1322 2944 Diluuio
1341 2867 1432 2942 indo
1455 2893 1576 2968 vsque
1591 2869 1642 2948 ad
1658 2867 1872 2945 Caesarem.
1922 2870 2018 2944 ltem
2037 2867 2232 2964 inscriptio

386 2991 891 3093 ι811881888111011ιί8888
917 3000 1074 3073 inuenta
1098 3003 1266 3076 continet
1292 2995 1502 3099 catalogum
1531 3027 1663 3100 regum
1694 3005 2044 3102 antiquissimorum
2075 3000 2234 3076 domum

398 3145 671 3245 dynastiarum.
702 3133 872 3208 Historia
888 3132 1124 3229 Aegyptiace
1138 3132 1315 3207 cohaeret
1331 3158 1415 3210 cum
1431 3137 1630 3230 Hebraica,
1651 3141 1807 3232 Graeca,
1821 3137 2058 3236 Aethiopico,
2074 3135 2236 3224 Persica,

397 3282 537 3358 lndica.
590 3271 696 3363 Quae
722 3269 897 3343 nationes
918 3265 1054 3341 itidem
1076 3289 1162 3342 cum
1185 3269 1269 3344 aliis
1286 3291 1353 3354 ‚res
1375 3290 1498 3343 nexas
1516 3281 1556 3341 et
1577 3274 1960 3350 coniunctashabent
1981 3273 2093 3345 etsie
2113 3289 2236 3369 porro.

402 3393 562 3491 Constat
582 3399 631 3482 de
655 3403 805 3500 regibus
829 3403 1022 3478 variorum
1040 3397 1265 3502 populorum
1288 3405 1450 3477 8888818.
1502 3401 1603 3479 Η188
1626 3405 1877 3504 paucissimos
1898 3409 1978 3481 iam
2005 3405 2239 3480 obseruatio·

401 3572 471 3625 nes
497 3556 682 3621 astrorum
706 3537 758 3614 ad
778 3547 899 3611 certos
922 3558 1030 3630 reges
1050 3539 1214 3628 relatae,
1236 3538 1423 3637 siquidem
1446 3529 1539 3614 satis
1564 3539 1761 3636 antiquae,
1780 3536 1999 3614 sufficerent
2012 3535 2064 3611 ad
2087 3555 2238 3612 omnem

405 3680 681 3774 chronologiam
717 3669 992 3765 corrigendam.
1049 3671 1162 3746 Tales
1197 3675 1329 3771 vtique
1360 3688 1449 3749 sunt
1486 3673 1752 3771 inscriptiones
1788 3681 1942 3746 nostrae
1981 3673 2091 3746 annis
2128 3673 2240 3758 1832,

408 3801 518 3902 1003,
548 3818 643 3887 1631
670 3834 705 3884 8.
727 3807 793 3882 Ch.
817 3797 1009 3881 confectae
1030 3805 1135 3900 (Tab.
1152 3808 1227 3881 Vll.
1243 3807 1301 3882 Vl.
1316 3807 1384 3900 V.).
1434 3808 1522 3881 Duo
1549 3807 1697 3881 suntin
1719 3807 1961 3901 chronologia
1982 3808 2137 3905 antiquo
2161 3827 2241 3880 om·

406 3952 496 4025 nino
524 3947 766 4043 grauissima:
801 3940 961 4015 Exodus
987 3931 1244 4018 lsraelitarum
1273 3963 1327 4015 ex
1348 3940 1524 4040 Aegypto
1550 3953 1663 4039 atque
1688 3931 1773 4016 11818
1797 3941 1886 4016 belli
1911 3939 2077 4015 Troiani.
2128 3938 2244 4015 Aeta·

408 4065 485 4159 tem
504 4083 621 4158 Mosis
643 4077 857 4170 chronologi
877 4089 1085 4173 posuerunt
1106 4079 1172 4153 8111
1197 4071 1297 4154 anno
1328 4082 1441 4169 1487,
1466 4079 1531 4155 8111
1560 4083 1680 4168 1854,
1707 4077 1772 4153 8111
1801 4083 1918 4168 1491,
1944 4078 2012 4152 8111
2041 4079 2153 4166 1835,
2178 4067 2244 4151 alli

412 4198 525 4326 1871,
546 4219 612 4293 8111
639 4219 757 4301 1821,
784 4211 850 4284 8111
880 4215 990 4302 1731,
1016 4213 1236 4312 plerumque
1263 4219 1364 4290 1500
1389 4237 1422 4288 a.
1446 4211 1513 4288 Ch
1565 4213 1776 4288 Μ1888888
1800 4209 2056 4310 discrepantia
2079 4211 2154 4284 367
2177 4233 2246 4285 an·

408 4337 554 4428 nomm.
606 4349 751 4423 aenum
779 4345 984 4420 Troianum
1018 4348 1148 4424 dicunt
1176 4350 1325 4426 animm
1349 4349 1414 4423 aut
1440 4369 1540 4424 anno
1570 4354 1665 4438 884,
1695 4341 1907 4438 sutram,
1937 4346 2004 4421 aui
2032 4350 2152 4436 1180,
2178 4335 2244 4420 aut

414 4491 533 4576 1209,
566 4485 631 4570 alii
664 4481 748 4556 aliis
779 4503 813 4553 a.
841 4476 908 4553 Ch.
958 4478 1045 4556 lam
1071 4503 1125 4555 ex
1156 4481 1485 4557 obseruationibus
1516 4482 1637 4557 tribus
1668 4485 1809 4557 nostris
1835 4482 2109 4580 antiquissimis
2136 4481 2246 4577 longe

413 4620 635 4698 certioribus
660 4615 735 4690 bde
761 4611 956 4704 Codicum,
977 4637 1091 4712 quum
1114 4617 1280 4692 inuicem
1305 4639 1390 4692 8888
1413 4617 1635 4692 confirment
1649 4617 1773 4713 'atque
1795 4638 1880 4691 curn
1902 4616 2050 4692 'labala
2073 4613 2249 4710 Abydica

412 4756 673 4835 vetustissima
698 4751 936 4838 conueniant,
961 4754 1141 4850 sequitur,
1166 4753 1299 4827 Mosen
1320 4773 1419 4826 anno
1447 4757 1546 4826 1808
1565 4772 1619 4824 ex
1644 4749 1820 4850 Aegypto
1835 4753 2067 4842 8888881888,
2090 4749 2248 4826 'lroiam

414 4913 514 4968 anno
544 4895 641 4963 1555
667 4909 700 4960 8
728 4883 796 4959 Ch.
823 4875 1078 4982 expugnatam
1104 4909 1188 4962 8888
1220 4891 1407 4986 (8331),).
1454 4885 1555 4994 Ergo
1581 4884 1815 4980 chronologi,
1840 4907 2083 4960 numerorum
2107 4894 2148 4957 et
2177 4883 2248 4960 Co-

415 5026 540 5100 dicum
563 5020 751 5110 erroribus
777 5009 938 5118 decepti,
962 5023 1103 5118 partim
1127 5027 1216 5111 400,
1240 5024 1331 5122 8818
1353 5026 1432 5098 700
1452 5023 1564 5096 88818
1590 5020 1814 5095 aberrarunt
1839 5029 1993 5097 a'vero.
2025 5019 2137 5095 Solus
2152 5019 2248 5114 Syn·

416 5161 551 5254 callus,
592 5160 656 5257 qui
685 5151 865 5228 Exodum
900 5153 952 5230 ad
983 5177 1125 5230 annum
1162 5161 1260 5231 1854
1294 5179 1328 5230 8.
1354 5154 1422 5231 Ch.
1455 5153 1602 5244 retulit,
1649 5153 1836 5253 siquidem
1866 5155 2020 5232 initium
2049 5155 2249 5253 dynastiae

417 5291 557 5410 Xl'lll.,
581 5289 686 5368 haud
710 5288 871 5366 multum
897 5289 1023 5362 differt
1043 5290 1093 5365 ab
1118 5300 1306 5365 astrortm
1330 5289 1567 5368 testimoniis
1619 5285 1764 5381 Quodsi
1786 5290 2048 5370 venerandum
2072 5289 2251 5366 888188188
