4896 6096
1204 583 1542 660 ...70-

443 808 514 866 tur,
540 785 689 871 quonium
715 783 817 843 instet
846 784 873 854 1>
899 787 972 860 post
994 779 1031 846 Θ
1054 773 1251 838 fortissimus
1279 785 1447 859 astatque
1473 778 1500 862 p
1528 796 1678 862 agrorum
1701 773 1827 840 crrlture
1857 776 2040 842 edsribitur.
2085 775 2284 841 Ouramma

445 924 590 992 quaeque
613 908 634 975 ῼ
659 896 843 982 significare
861 891 1033 969 videntur,
1057 893 1208 975 quoniam
1232 889 1311 953 haec
1331 888 1426 954 stelle
1446 894 1566 978 insigni
1587 905 1758 957 venustate
1779 892 1894 958 elucet.
1939 881 2044 980 Atque
2066 897 2179 960 umine
2199 916 2284 978 sym-

444 1021 552 1086 bolum
575 1023 597 1100 ξ
620 1029 668 1080 est
690 1012 774 1076 haud
797 1009 893 1074 dubie
910 1021 1044 1094 propter
1069 1011 1138 1072 eins
1153 1019 1311 1084 naturam,
1336 1029 1463 1072 cursum
1478 1015 1525 1090 Θ,
1549 1023 1580 1073 et
1600 1024 1718 1090 ortum,
1737 1023 1770 1074 et
1786 1031 1945 1086 ocensem,
1968 1026 2001 1074 et
2021 1031 2204 1096 processum
2225 1033 2285 1096 per

446 1138 576 1202 zodiaci
599 1135 702 1218 signa,
729 1129 892 1208 imitandi„
910 1143 968 1208 gut
989 1140 1121 1211 propter
1142 1127 1226 1188 simii
1251 1125 1498 1212 applicationem
1521 1127 1561 1190 ad
1582 1141 1668 1192 artes
1690 1128 1857 1210 bumener,
1882 1149 2016 1214 quarum
2037 1131 2181 1192 inuentio
2197 1126 2284 1192 Mer-

446 1257 534 1318 curio
557 1248 770 1312 tribuebatur.
900 1259 917 1292 ⁹

529 1367 593 1432 Sed
616 1369 680 1428 iem
703 1365 802 1426 instat
830 1362 894 1426 aiio
916 1365 1060 1447 quaestio
1084 1381 1186 1445 enque
1209 1362 1400 1443 grauissime
1427 1360 1467 1424 de
1490 1359 1645 1443 symbolis
1669 1383 1726 1425 seu
1749 1367 1869 1449 siguis,
1897 1362 2011 1448 quibus
2035 1363 2188 1447 Aegyptii
2215 1360 2284 1445 pin·

447 1502 540 1552 netes
569 1498 664 1568 utque
686 1479 816 1544 zodiaci
840 1481 947 1543 remes
968 1496 1078 1564 purten
1107 1475 1374 1564 significuuerint⁴
1416 1477 1524 1553 Quum
1548 1479 1633 1542 enim
1662 1481 1695 1542 in
1719 1482 1846 1565 scriptis
1874 1495 1972 1565 etque
2003 1477 2285 1546 obscurationibus

449 1607 649 1692 potissimum
673 1599 893 1660 astronomicis
913 1596 1007 1660 bnius
1028 1597 1157 1680 generis
1180 1591 1323 1675 symbola
1348 1599 1491 1659 tnexime
1514 1600 1695 1660 necessarie
1725 1600 1790 1662 sint
1818 1597 1859 1660 ed
1883 1595 1955 1660 ioca
1976 1597 2179 1682 planetarum
2200 1596 2284 1660 indi.

449 1722 561 1800 ⁰8¹¹d⁸2
584 1721 642 1781 *5¹
658 1713 788 1780 dflbffuffl
802 1726 862 1790 fflb
881 1716 957 1800 quin
974 1713 1127 1798 Aegyptii
1144 1731 1270 1796 qunque
1292 1711 1487 1794 symbolicen
1504 1713 1664 1800 quandem
1679 1717 1924 1778 eetmnomicant
1939 1713 2153 1780 adhibuerint.
2176 1713 2284 1778 Etiam

450 1841 488 1902 de
511 1838 561 1901 bis
583 1849 709 1898 veteres
731 1835 904 1915 scriptores
925 1846 991 1896 tem
1012 1828 1113 1893 multe
1134 1829 1333 1893 tradiderunt
1353 1828 1509 1916 nobisque
1530 1846 1772 1910 conseruerunt,
1796 1844 1829 1895 vt
1850 1829 2025 1914 symbolice
2048 1830 2282 1916 Aegyptiorum

452 1955 664 2019 astronomica
684 1953 762 2014 setis
786 1949 893 2034 ampla
916 1961 948 2010 et
973 1961 1061 2011 certe
1083 1945 1204 2030 absque
1226 1951 1440 2012 monumentis
1460 1948 1667 2034 Aegyptiacis
1688 1951 1767 2033 ipsis
1786 1951 1911 2012 exstrui
1933 1949 2044 2032 possit.
