4928 6102
1179 535 1518 618 ..it-

527 722 775 809 Hcmiapbaeria
793 738 827 788 et
846 723 960 790 lucare
982 733 1016 786 et
1033 723 1139 788 solare
1165 743 1239 788 eum
1259 725 1361 811 signia
1384 725 1451 790 auia
1470 727 1492 786 o
1514 721 1642 808 depicta
1660 735 1834 789 cernuntur
1854 725 1888 790 in
1912 725 2033 788 masaia
2050 723 2271 792 Graeco-Ae·

444 842 592 928 gyptiaca
614 839 824 927 Lugdunensi
833 840 888 926 †).

1309 1127 1344 1244 t.
1372 1139 1412 1216 r.

825 1271 900 1374 ,De
929 1275 954 1356 3
981 1271 1234 1356 Trientibua
1265 1287 1595 1386 tempestatum,
1621 1276 1715 1360 siue
1737 1275 1883 1361 Horis.

529 1467 657 1534 Diuisio
678 1464 810 1531 Zodiaci
831 1465 865 1528 in
887 1477 954 1529 tres
974 1479 1085 1550 partes
1106 1465 1276 1553 aequales,
1307 1470 1420 1533 nititur
1441 1467 1599 1533 diuisione
1625 1471 1700 1532 anni
1723 1469 1806 1554 apud
1827 1457 2008 1554 Aegyptios
2030 1466 2135 1533 ciuilis
2154 1470 2187 1531 in
2210 1481 2274 1532 tres

446 1595 669 1673 tempestates,
692 1583 761 1646 siue
780 1579 964 1660 Hermu).
988 1579 1117 1665 ,Quum
1139 1604 1217 1648 vero
1239 1605 1341 1649 anona
1359 1583 1464 1649 ciuilia
1483 1598 1597 1671 quarta
1617 1584 1682 1649 diei
1704 1599 1797 1671 parte
1818 1585 1923 1650 minor
1944 1599 2029 1649 esset
2050 1589 2274 1668 astronomica,

446 1703 578 1780 accidit,
609 1713 645 1763 vt
665 1713 739 1785 post
761 1703 840 1762 1461
868 1719 968 1762 annos
988 1699 1116 1765 demum
1137 1722 1264 1766 menaea
1285 1723 1358 1766 cnm
1376 1704 1477 1789 signia
1499 1704 1567 1766 auia
1591 1715 1824 1789 congruerent,
1850 1723 1911 1787 qun
1934 1703 1967 1764 in
1989 1722 2023 1764 re
2049 1717 2196 1767 veraatur
2218 1726 2275 1789 pe-

444 1820 555 1886 riodus
574 1813 773 1881 canicularis.
818 1813 886 1880 Sub
902 1816 1030 1878 initium
1052 1817 1147 1882 buius
1168 1818 1292 1904 periodi
1311 1830 1436 1899 autem,
1460 1832 1495 1883 vt
1516 1830 1643 1884 veteres
1663 1820 1804 1898 uadunt,
1829 1838 1886 1880 ver
1908 1818 2038 1902 incipit,
2060 1841 2159 1904 quum
2181 1819 2276 1886 Nilus

447 1935 609 2020 scampis
637 1933 776 2015 recedit,
809 1945 904 2019 atque
933 1941 968 2012 Θ
990 1935 1091 1999 intrat
1116 1936 1243 2022 signum
1270 1939 1321 2011 )(.
1365 1934 1513 2012 Quatuor
1534 1933 1698 2000 mensibus
1726 1947 1817 2021 post,
1843 1955 1940 2020 quum
1963 1940 1999 2010 Θ
2019 1935 2197 2021 ingreditur
2222 1943 2276 2020 ffi,

445 2053 502 2118 vbi
523 2048 669 2116 canicula
689 2047 797 2113 locum
817 2048 932 2131 babet,
956 2052 1068 2135 incipit
1088 2065 1216 2133 amine,
1238 2074 1334 2138 quam
1355 2065 1491 2138 quatuor
1513 2051 1678 2118 mensibus
1696 2064 1771 2138 post
1789 2051 1933 2136 seqnitur
1955 2048 2077 2130 biems,
2101 2049 2170 2116 sole
2183 2055 2216 2118 in
2236 2063 2270 2130 tii

450 2166 681 2254 translato⁴⁴).
725 2163 928 2264 Quamquam
951 2168 991 2231 de
1012 2165 1173 2252 planetis,
1197 2166 1247 2231 bis
1271 2168 1515 2255 tempeatatibus
1534 2152 1724 2255 propositis,
1755 2187 1819 2231 non
1839 2168 1918 2230 eatis
1939 2177 2082 2248 constat,
2109 2167 2278 2252 probabile

450 2301 557 2350 tamen
580 2294 648 2364 est,
677 2285 751 2362 §et
772 2285 795 2367 ῼ
818 2284 906 2364 veri,
937 2290 977 2368 Θ
998 2286 1130 2366 aestati,
1157 2287 1182 2370 ἢ
1203 2284 1301 2350 hiemi
1323 2287 1551 2373 pracessefl).

1648 2565 1783 2631 Gradus
1831 2558 1983 2630 Domini

756 2946 757 2971 ³
783 2941 925 3008 Aestatis
945 2943 1039 3027 sigua

783 3043 908 3108 Hiemia
929 3046 1022 3130 signa

987 3521 1077 3604 De
1139 3516 1756 3617 Quadrantibus.

542 3720 746 3798 Quadrantea
766 3715 915 3797 zodiaci,
945 3716 1016 3779 siue
1038 3726 1174 3800 quatuor
1193 3735 1295 3778 annae
1325 3714 1493 3801 eclipticas
1516 3726 1627 3800 partes
1659 3707 1830 3798 aequales,
1860 3711 2007 3777 emuntur
2027 3714 2154 3798 punctis
2176 3719 2286 3802 acqui·

329 3830 333 3838 ’
458 3833 651 3905 noctialibus
674 3847 708 3898 et
730 3830 953 3896 solstitialibus
975 3830 1202 3896 discernendis.
1244 3829 1357 3917 ltaque
1379 3835 1484 3919 prima
1508 3831 1669 3918 quadrans
1692 3827 1878 3893 extenditur
1900 3827 1941 3894 ab
1964 3831 2165 3915 aequinoctio
2184 3854 2286 3899 verno

458 3977 560 4044 vsqne
580 3952 621 4016 ad
643 3949 815 4014 solstitium
836 3951 1013 4030 aesduum,
1043 3969 1106 4034 qao
1127 3949 1238 4034 incipit
1257 3949 1397 4013 secunda
1420 3963 1454 4014 et
1475 3949 1522 4012 aie
1541 3968 1657 4032 porro,
1684 3959 1720 4011 vt
1740 3943 1861 4009 babeas
1883 3959 2022 4030 quatuor
2044 3950 2121 4012 anni
2142 3961 2285 4034 ternpore

460 4074 501 4138 ad
522 4053 650 4136 cursam
672 4064 751 4132 solis
771 4063 950 4149 relata⁴⁸).
993 4065 1044 4132 De
1066 4065 1237 4154 praelectis
1256 4063 1370 4130 buum
1392 4064 1585 4130 &aidanum
1597 4063 1741 4144 Zodiaci,
1763 4063 1824 4126 etai
1845 4059 1924 4126 nibil
1939 4077 2068 4128 vetares
2089 4065 2285 4147 tradiderint,

460 4190 614 4266 coniicic,
645 4205 702 4250 eoa
736 4181 883 4270 planetaa
908 4184 950 4247 iis
977 4181 1222 4268 tempestatibus
1250 4183 1454 4268 praepositos
1481 4181 1601 4264 inisse,
1629 4184 1715 4246 inter
1745 4167 1879 4264 qaorum
1907 4191 2041 4246 naturas
2067 4183 2210 4251 maxima
2238 4197 2287 4246 cat

459 4303 646 4372 similitudo.

529 4563 560 4632 †)
576 4559 612 4614 V.
630 4557 762 4612 lieuvena
786 4555 903 4610 Lettrea
922 4552 993 4606 ahi.
1013 4553 1160 4608 Leimone
1177 4550 1254 4606 1811.
1268 4552 1358 4607 litias.
1375 4553 1446 4608 Tab.
1454 4553 1491 4608 V.
1515 4551 1559 4608 ue
1577 4553 1700 4607 dominia
1714 4547 1989 4621 hemisphaeriorum
2009 4541 2168 4622 iiorapoiio
2190 4551 2288 4616 (1.11.)

462 4647 566 4704 tradit:
585 4645 709 4699 Videtur
728 4639 804 4712 apud
823 4642 978 4713 Aegyptios
997 4639 1131 4692 hiinerua
1148 4641 1210 4705 (θ’)
1228 4636 1341 4708 quidem
1359 4640 1494 4709 superisa
1511 4639 1587 4694 coeli
1603 4633 1844 4706 bemiapbaerium
1861 4645 1941 4692 aorte
1960 4641 2115 4708 accepisse,
2133 4639 2210 4692 luno
2228 4639 2292 4710 (1))

464 4751 532 4790 verit
552 4731 674 4784 interior
694 4727 769 4792 (viu.
790 4725 867 4780 inira
888 4725 1009 4779 Partli.
1031 4724 1093 4789 Η.
1113 4722 1223 4790 iithor.)

530 4831 577 4897 431
594 4829 714 4885 Iiiodor.
741 4829 797 4886 sic.
822 4827 886 4882 Lib.
900 4827 922 4880 1.
950 4823 1068 4896 capid-
1094 4841 1158 4896 pag.
1175 4825 1216 4877 11.
1243 4825 1336 4878 Weaa.
1359 4825 1398 4880 ib.
1424 4839 1485 4893 cap.
1500 4822 1542 4876 ll.
1568 4829 1598 4875 et
1613 4786 1819 4892 ii.'pag.llD.
1837 4823 1950 4875 eiiii).
1973 4822 2102 4888 (iiddei,
2121 4819 2164 4872 16.
2186 4837 2211 4875 c.
2231 4831 2295 4878 not.

492 4923 498 4932 '
534 4919 605 4972 aeliu
638 4917 669 4967 i.
1057 4914 1067 4942 ⁹

466 4925 579 5083 wel44)
599 4919 781 5080 illeildntayer
798 5011 948 5067 calendar.
967 5012 1036 5081 Aeg.
1053 5009 1285 5065 Oeconomicum.
1305 5009 1404 5064 (lectt.
1424 5009 1501 5063 liii.
1518 5008 1613 5064 ideler
1631 5003 1766 5061 Chremi.
1785 5020 1811 5074 p.
1824 5005 1885 5061 iii.

534 5121 583 5184 41)
601 5119 681 5170 ilaec
696 5113 858 5184 colligimus
877 5129 913 5168 ex
933 5113 1041 5182 signis,
1059 5111 1163 5179 quibua
1179 5127 1304 5176 menaea,
1315 5112 1455 5180 cuiusque
1480 5111 1661 5180 tempestatis
1686 5103 1904 5176 hieroglyphice
1920 5105 2101 5170 indicantur,
2120 5105 2228 5177 dequo
2249 5111 2297 5165 ia-

466 5211 522 5264 ira.
541 5205 600 5258 col.
621 5201 741 5255 Proclua
758 5196 840 5252 Diad.
860 5196 981 5267 i‘araph.
1000 5195 1065 5251 1,.1.
1083 5199 1158 5251 cil.
1177 5213 1204 5266 p.
1212 5197 1256 5250 tt.
1275 5195 1367 5267 Lngd.
1387 5195 1464 5250 liti.
1895 5173 1907 5214 ⁴

535 5305 582 5373 46)
600 5301 724 5358 Achilles
740 5301 804 5352 'iat
821 5301 851 5352 in
871 5297 972 5352 Petau.
992 5295 1148 5367 VrannIog.
1167 5311 1194 5365 p.
1204 5296 1264 5352 iti.
1285 5295 1367 5367 §.n
1383 5295 1515 5350 Procius.
1532 5295 1616 5349 Diad.
1634 5291 1672 5352 1..
1680 5293 1703 5349 i.
1723 5295 1799 5349 cii.
1815 5293 1893 5348 eli.
1909 5293 1984 5348 cli.
