4882 6098
1172 505 1620 594 -292-'

885 698 1835 802 u(nme.oeeo‚naeu)x1uo.·cs

506 841 732 928 Oecodenpota
748 852 779 923 8
801 844 919 927 qnippe
934 847 958 920 2
974 853 1108 926 apparet
1121 843 1153 904 in
1168 839 1255 904 Areu
1271 838 1351 904 xit.
1363 860 1391 902 c.
1406 835 1613 901 solemniaco
1626 831 1751 913 habitu,
1768 825 2063 914 Hieracocepheins
2082 823 2181 909 (tab.
2193 825 2269 888 vlt.

444 955 480 1022 C.
496 963 526 1022 2.
539 962 593 1041 a).
636 956 975 1044 Tehegonodespote,
999 954 1137 1041 exlege
1159 954 1220 1021 iV.
1243 975 1381 1041 sequens
1403 951 1677 1036 Oecodespotnm,
1710 949 1771 1014 leis
1792 954 1816 1035 2
1838 945 1936 1026 (xit.
1951 945 1998 1028 d.)
2022 944 2225 1030 cognoscitur
2251 965 2270 1004 e

443 1071 590 1138 cornibus
610 1067 740 1140 bubulis
762 1073 860 1161 (Tau.
878 1073 938 1140 iV.
962 1071 999 1136 ii.
1015 1073 1084 1158 36.)
1107 1087 1203 1159 etque
1228 1071 1365 1137 vulturis
1384 1070 1469 1157 peiie
1498 1067 1596 1154 (hab.
1611 1067 1688 1132 vlt.
1712 1065 1757 1132 D.
1772 1073 1803 1132 3:
1819 1067 1869 1151 g.)
1899 1065 1933 1126 in
1955 1063 2078 1148 capite,
2117 1059 2272 1143 symbolis

441 1186 536 1252 Isidis
566 1187 808 1278 Oecodespotne
829 1204 871 1260 aa
892 1189 1012 1273 (vib).
1062 1187 1343 1274 'i'rigonoderpote
1368 1201 1418 1252 ert
1445 1187 1506 1252 ln's
1531 1195 1571 1267 2,
1599 1197 1695 1270 caput
1725 1176 1864 1247 Veneris
1896 1177 1955 1264 (V.
1970 1178 2017 1264 b.)
2047 1191 2081 1242 et
2118 1175 2270 1243 snceilum

440 1304 566 1389 ferens,
589 1329 660 1372 cum
681 1307 767 1393 pelle
787 1308 963 1393 pantherae
983 1309 1030 1391 (p.
1046 1309 1134 1390 195).
1177 1305 1319 1369 Eandem
1333 1303 1474 1369 Domum
1493 1309 1518 1390 2
1537 1300 1689 1367 describit
1710 1302 1803 1364 uanis
1825 1299 1900 1362 lin.
1918 1295 1960 1361 0.
1983 1317 2051 1382 per·
2065 1293 2270 1378 Oecoderpo·

442 1429 551 1510 tarn2
573 1427 639 1508 (u),
667 1439 763 1512 capnt
790 1427 966 1510 accipitris,
997 1436 1030 1486 et
1057 1421 1369 1508 Trigonodespotum
1390 1425 1413 1507 2
1436 1425 1502 1505 (a),
1528 1419 1623 1484 Meiri
1654 1429 1836 1503 serpentem
1862 1427 1896 1478 et
1915 1406 2270 1498 Tetrogouodeupotam

444 1540 544 1622 (Νι)
566 1541 686 1626 pileum
709 1541 889 1605 Martialem
912 1537 1009 1620 (Tab.
1026 1537 1103 1603 v11.
1116 1538 1157 1603 D.
1174 1542 1231 1622 1.).
1275 1537 1423 1624 Denique
1444 1535 1482 1601 C.
1504 1536 1651 1602 similiter
1677 1543 1708 1614 Β
1735 1533 1855 1598 indicat
1876 1529 2133 1615 Oecodetpotarn
2159 1526 2182 1596 2
2209 1527 2269 1607 (a),

443 1656 548 1736 cupite
579 1659 758 1742 accipitris,
795 1655 1106 1743 Trigonodespotam
1139 1662 1163 1733 ῼ
1199 1655 1269 1738 (e),
1301 1651 1413 1728 Meini3
1451 1665 1546 1739 etque
1573 1650 1931 1738 Tetregonodeepntem
1957 1651 1988 1715 cd.
2017 1645 2064 1730 (Β
2079 1647 2124 1731 d.)
2151 1643 2270 1713 iunctio

444 1766 541 1845 (Tub.
558 1771 619 1836 Vi.
637 1773 676 1838 Ε.
693 1777 751 1858 7.).
797 1771 948 1837 Ceterum
979 1770 1032 1836 his
1055 1769 1212 1834 nauiculis
1240 1770 1400 1840 vehuntur
1430 1771 1493 1835 duo
1521 1769 1690 1856 planetae,
1723 1767 1764 1830 de
1795 1766 1910 1852 quibus
1937 1766 2032 1829 inire.
2075 1761 2269 1846 Itaqueiam

442 1881 600 1952 habemns
619 1888 755 1974 Signum
780 1898 831 1971 8,
862 1909 959 1974 quum
980 1887 1081 1952 alteru
1112 1889 1133 1954 2
1162 1887 1286 1951 Domus
1318 1887 1400 1952 ulios
1421 1889 1583 1952 contineat
1603 1883 1901 1971 'i'rigonodesputuu
1919 1896 1951 1946 at
1970 1877 2270 1965 'i'etrngonudespo

446 2010 516 2078 ies,
537 2004 622 2088 qnod
644 2027 663 2067 a
688 2013 720 2090 ς)
752 2019 785 2070 et
804 2018 841 2080 1η
863 2008 987 2068 ratione
1014 2007 1052 2086 s]
1081 2003 1266 2089 adspicitur.

866 2190 1842 2287 *temporiunutmmuuu

527 2342 638 2420 Quum
661 2345 700 2408 de
723 2344 910 2432 'l'etragnno
933 2345 994 2410 hec
1013 2347 1047 2409 in
1077 2344 1163 2408 linea
1192 2344 1349 2428 descripto
1371 2349 1422 2430 (Ἀ
1448 2346 1476 2412 tt
1492 2353 1529 2420 iil
1545 2349 1604 2430 tte)
1631 2347 1770 2431 supersit
1795 2341 1884 2408 solus
1906 2353 1963 2418 m
1993 2343 2154 2427 sequitur,
2183 2337 2275 2400 huiur

447 2459 537 2546 Signi
557 2465 759 2548 praepositos
781 2484 857 2526 eree
870 2462 934 2527 XI.
951 2463 1082 2548 exponi.
1126 2459 1211 2524 Seue
1229 2458 1456 2546 Oecodespota
1477 2463 1501 2542 p
1526 2466 1729 2548 cognoscitur
1745 2463 1859 2548 pennis
1881 2457 2070 2524 struthionis
2090 2452 2271 2534 (Tchvtt.

446 2573 484 2637 Β.
502 2580 550 2659 2.)
571 2591 603 2640 et
626 2593 716 2645 veste
736 2579 877 2660 stellata,
902 2579 1024 2645 Veneri
1048 2579 1202 2660 Vranine‚
1227 2576 1371 2663 Nephthi
1393 2581 1523 2664 proprie
1544 2577 1616 2659 (b.).
1661 2577 1953 2666 Trigonodespota,
1975 2575 2093 2661 quippo
2115 2568 2274 2638 Oecodes·

443 2705 553 2775 potum
576 2691 714 2779 exlege
737 2695 797 2760 IV.
820 2695 1031 2782 praecedens,
1057 2708 1106 2760 est
1132 2702 1166 2775 2).
1190 2697 1257 2780 (c),
1278 2693 1353 2758 Rex
1374 2693 1532 2758 Pschento
1553 2696 1688 2782 iusignia
1712 2690 2015 2777 (Tab.V11.B.t.
2039 2690 2157 2771 1).2.),
2181 2701 2274 2770 atque

442 2805 762 2897 Tetregouodespotu
784 2819 822 2899 t?
844 2813 908 2895 (u),
932 2811 1024 2876 caino
1045 2815 1168 2897 capite,
1192 2826 1229 2877 vt
1252 2811 1297 2876 X.
1312 2810 1365 2892 b.,
1394 2825 1491 2900 atque
1519 2811 1619 2876 ierica
1643 2815 1779 2900 insignis
1799 2811 1880 2876 Zom
1902 2805 2058 2874 Hercules
2083 2801 2181 2894 (fob.
2199 2801 2275 2868 Vll·

447 2922 490 2987 D.
506 2927 565 3006 2.).
607 2924 698 2990 ldem
721 2929 847 3014 signum
870 2931 1064 3015 exprimitur
1084 2927 1123 2994 B.
1139 2936 1169 2993 2.
1190 2951 1248 3016 per
1266 2929 1434 3018 sphingem
1453 2928 1515 3015 (d.)
1540 2927 1798 3014 Oecodaspotam
1819 2927 1918 3014 (Tub.
1933 2925 2068 3008 M),
2090 2943 2200 2986 raum
2220 2925 2275 2998 (Β)

448 3035 761 3126 Trigouodeupotam
780 3040 875 3128 (Tab.
884 3043 927 3108 11.
944 3043 1003 3127 2.),
1025 3059 1057 3109 et
1072 3045 1178 3110 Phthe
1192 3047 1317 3112 cainum
1331 3050 1361 3112 o*
1384 3045 1546 3132 falcesque
1565 3053 1592 3124 p
1611 3046 1661 3132 (i.)
1678 3042 2016 3134 Tetrngnnodespotee
2032 3035 2277 3124 (truite).

447 3153 571 3226 ibidem
592 3178 699 3243 penne
718 3161 906 3226 struthionis
928 3160 982 3248 (i.)
998 3160 1310 3250 'l'rigonodespotem
1330 3165 1355 3249 i)
1373 3161 1547 3250 significat.
1592 3162 1740 3250 Denique
1762 3163 1836 3228 Liu.
1851 3163 1890 3228 tt.
1911 3162 1998 3226 idem
2018 3163 2146 3248 signum
2166 3152 2278 3234 habes,

450 3270 705 3362 Oecodespotum
732 3279 755 3363 ᾖ
783 3277 846 3360 (Β.)
867 3276 1075 3342 scarabaeum
1100 3279 1448 3366 anthropocephalum‚
1471 3301 1529 3343 ceu
1544 3277 1671 3346 leonem
1691 3278 2037 3366 nuthmpooephainm,
2059 3291 2116 3340 aut
2135 3272 2279 3338 tabulam

447 3387 645 3468 libatoriem;
665 3392 977 3484 'l'rigouodespotum
1002 3399 1025 3480 {i
1047 3395 1107 3482 (d.)
1134 3411 1303 3484 vertugum
1327 3394 1423 3482 (rau.
1442 3395 1502 3460 1v.
1519 3393 1586 3481 Β),
1610 3395 1965 3486 Tetrogonudespotem
1981 3398 2009 3474 ἃ
2028 3393 2137 3462 Phtho
2155 3391 2281 3458 caiunm

447 3507 498 3590 (a)
526 3524 621 3598 atque
651 3509 1002 3600 Hexugouodespntam
1024 3519 1063 3600 Θ
1088 3514 1136 3598 (e)
1156 3513 1286 3579 oculum
1316 3512 1414 3600 (Tub.
1432 3513 1475 3578 V.
1496 3511 1537 3588 Q·
1557 3518 1636 3600 11.).
1690 3515 1801 3602 [tuque
1832 3512 1987 3580 hahemus
2015 3509 2281 3598 Quadrangninm

447 3622 596 3710 zodiaci,
620 3629 768 3694 nimirum
789 3629 890 3718 Signa
911 3637 994 3718 δε)
1024 3638 1057 3705 iii
1076 3649 1132 3698 tw.

847 3753 1881 3918 *tvvm-c2oc't2to‚uoce)ms.r.

537 3963 643 4043 Quum
666 3989 743 4054 ergo
766 3985 890 4038 constet
911 3974 951 4037 de
972 3975 1076 4059 primo
1099 3969 1287 4058 Tetrngono
1317 3972 1368 4054 (Β
1396 3973 1481 4046 iim
1504 3975 1578 4054 tte),
1608 3993 1769 4059 quumque
1791 3970 1892 4058 Signa
1911 3971 1962 4038 his
1984 3971 2095 4058 Signis
2117 3972 2286 4056 superiora

367 4123 380 4140 κ
451 4096 608 4170 quaterna
629 4083 670 4148 ud
692 4083 776 4148 idem
804 4087 875 4172 ipsa
898 4088 1076 4174 Trigonum
1100 4089 1260 4173 pertinere
1288 4085 1443 4166 debeant3
1473 4087 1568 4152 facile
1597 4093 1674 4172 erit,
1707 4086 1880 4174 praefinire
1909 4087 2104 4174 reliquarum
2135 4109 2291 4155 orcarum

453 4199 678 4288 significatum.
722 4199 836 4288 ltaque
856 4203 1021 4270 videamur
1040 4207 1178 4291 primum
1201 4206 1242 4269 do
1264 4205 1426 4290 Trigonis,
1448 4202 1763 4292 quaeu'l'etrugoub
1786 4207 1919 4271 inuento
1939 4205 2125 4292 dependent.
2169 4200 2290 4276 Quum

454 4317 551 4384 xm.
572 4320 734 4382 contineat
758 4319 805 4393 Ως
831 4321 992 4406 seqnitur,
1014 4324 1199 4406 proximum
1221 4319 1364 4387 eiusdem
1386 4319 1522 4407 'i'rigoui
1544 4322 1828 4408 (xfl1.1x.1v.)
1852 4343 1959 4387 ereum
1980 4321 2069 4404 (ΙΧ.)
2089 4317 2200 4384 valete
2224 4335 2300 4384 aut

455 4448 505 4515 γ’,
530 4449 585 4500 eut
604 4441 646 4513 3(-
692 4433 810 4521 Vu‘que
840 4435 1066 4522 Oecodespote
1093 4437 1169 4521 (IX.
1184 4438 1225 4521 c.)
1258 4441 1451 4525 exprimitur
1479 4437 1604 4505 duobus
1631 4439 1753 4525 hamis,
1786 4445 1817 4508 δ’
1840 4436 2006 4526 symbolis,
2035 4449 2070 4500 vt
2090 4435 2121 4500 J.
2135 4457 2168 4523 g.
2192 4433 2234 4500 G.
2252 4435 2299 4502 b.

456 4549 503 4613 M.
517 4549 549 4612 b.
572 4565 604 4615 et
625 4551 717 4616 abes.
751 4550 1031 4639 Trigonoderpotu
1049 4569 1082 4618 et
1097 4554 1416 4641 Tetrogonodeapotn
1432 4561 1463 4622 δ’
1479 4570 1553 4620 snut
1567 4555 1706 4623 Neithae
1721 4559 1899 4640 simulacro,
1915 4557 2045 4622 humum
2068 4557 2098 4619 d·
2122 4551 2300 4639 menibus,

458 4663 563 4730 oleam
576 4668 622 4751 (p.
636 4667 776 4734 iiidcccl.
787 4669 855 4736 G.b
865 4693 874 4747 ;
884 4671 965 4746 A.i;
979 4669 1025 4737 M.
1036 4670 1080 4752 Β.)
1103 4685 1135 4736 et
1151 4671 1233 4735 duas
1247 4693 1368 4756 pennas
1385 4674 1420 4739 cd
1442 4675 1475 4737 in
1491 4677 1595 4760 cupite
1611 4679 1778 4762 gustantis.
1808 4676 1858 4740 De
1871 4673 2003 4760 reliquis
2018 4671 2145 4760 figuris,
2166 4676 2306 4763 qnippe

457 4782 608 4866 planetis,
628 4782 723 4847 inira.
755 4783 843 4850 idem
863 4787 995 4872 Signum
1018 4787 1119 4854 hebor
1138 4793 1172 4854 iu
1192 4789 1295 4854 latere
1314 4789 1375 4873 (Χ)
1397 4811 1468 4855 cum
1484 4791 1710 4878 Oecodespoto
1731 4796 1774 4874 oi,
1796 4793 1963 4877 scorpione
1982 4791 2033 4877 (p.
2045 4792 2133 4873 197.)
2153 4789 2307 4856 anthro-

427 4931 432 4942 ·
458 4899 634 4986 pocepheio
658 4899 728 4986 (d),
764 4919 836 4965 enm
857 4901 1136 4992 'l'rigouodespota
1166 4907 1191 4992 b
1227 4911 1292 4993 (e),
1320 4905 1456 4991 sphinge
1484 4887 1582 4990 (het.
1600 4907 1661 4972 lv.
1676 4909 1731 4990 G.)
1761 4922 1794 4973 et
1819 4907 2142 4995 Tetrogonodospote
2170 4910 2201 4972 θ’
2228 4913 2309 4994 (e),

459 5015 553 5079 haste
571 5015 668 5100 (Tab.
683 5017 743 5084 Vi.
758 5019 799 5083 E.
812 5021 868 5104 7.).
910 5018 964 5084 De
983 5021 1115 5108 reiiqnie
1136 5023 1232 5089 inire.
1264 5023 1507 5090 Memorandum
1529 5047 1616 5108 vero,
1641 5025 1742 5111 Signa
1765 5039 1803 5097 Υ
1831 5041 1863 5089 et
1889 5035 1923 5101 1η
1949 5029 1981 5089 iu
2003 5022 2159 5091 luteribus
2180 5040 2311 5096 trans.

459 5135 563 5219 positu
583 5153 653 5197 esse
672 5137 871 5220 planetarum
893 5139 1010 5223 gratia
1060 5137 1144 5204 Nam
1165 5140 1241 5206 Liu.
1258 5139 1305 5206 X.
1334 5164 1390 5227 per
1417 5144 1617 5226 scorpionem
1645 5146 1775 5228 proprie
1806 5139 1970 5228 significat
1993 5141 2127 5227 Signum
2152 5152 2203 5224 in,
2227 5147 2311 5210 irn-

458 5253 589 5338 proprie
607 5262 661 5320 γ.
704 5249 825 5314 Contre
845 5251 920 5316 Liu.
936 5253 974 5317 E.
997 5273 1055 5337 per
1075 5256 1209 5320 arietem
1229 5259 1358 5342 proprie
1380 5255 1539 5342 significat
1558 5257 1691 5345 Signum
1712 5271 1767 5338 Υ,
1789 5260 1965 5344 improprie
1992 5265 2040 5332 iil.
2084 5254 2179 5331 Quod
2199 5259 2317 5332 infra
