4928 6102
1158 501 1542 562 -xxn—

418 668 559 780 figurae
582 675 860 774 mythologice·
873 671 1163 761 astronomicae,
1187 671 1222 745 si
1242 683 1438 750 occurrant
1461 675 1578 763 alias,
1603 673 1896 773 explicabuntur
1919 676 2060 773 partim
2083 698 2136 752 ex
2162 700 2265 774 sym-

422 819 545 895 bohce
572 815 767 893 uberrima
791 813 833 884 iu
858 807 1027 885 Pantheo
1054 805 1156 903 (Par.
1170 807 1228 908 ll.)
1255 807 1416 899 tradita,
1450 811 1591 907 partim
1621 830 1674 883 ex
1704 811 1880 906 analogia
1905 809 2165 904 symbolorum
2186 816 2266 891 iarn

423 953 700 1053 expliciturum.
1983 1003 1987 1012 .

525 1090 585 1163 De
610 1082 765 1160 Tabulis
792 1079 1048 1169 monendum,
1080 1077 1176 1154 alias
1202 1079 1519 1180 autographorum
1540 1080 1593 1157 ad
1615 1080 1750 1176 fidem,
1784 1085 1881 1160 alias
1907 1083 1960 1160 ad
1978 1084 2170 1182 exempla.
2185 1084 2268 1160 vul·

425 1237 514 1324 gata
539 1245 623 1296 esse
650 1219 840 1314 descripta
861 1217 1004 1315 partim
1032 1223 1218 1304 accurate,
1243 1217 1383 1315 partim
1407 1218 1556 1291 ratione
1577 1216 1854 1318 Aegyptiorum
1875 1219 2023 1310 lineari,
2050 1241 2148 1319 quae
2170 1215 2269 1292 suffi-

425 1364 478 1440 cit
501 1368 632 1434 nostro
657 1355 734 1428 lini.
784 1348 871 1424 Non
899 1349 1003 1423 enim
1028 1351 1163 1444 agitur,
1190 1349 1382 1446 eleganter
1405 1373 1561 1450 corpora
1583 1351 1826 1443 adumbrare,
1851 1354 1921 1428 sed
1945 1356 2112 1450 insignia
2134 1355 2270 1450 ligura·

424 1519 511 1573 rum
533 1506 574 1569 et
597 1491 793 1568 diacritica
818 1485 916 1558 bene
940 1467 1164 1560 discernere.
1217 1481 1280 1557 Ad
1300 1483 1449 1559 'labli
1475 1475 1814 1580 Nu.l1l.,'l'ab.lll.
1839 1501 1880 1562 et
1905 1487 1999 1564 Tsh.
2025 1487 2135 1564 titulo
2159 1509 2271 1588 prae·

424 1635 541 1709 fixam
568 1625 725 1703 adhibui
745 1619 926 1717 exempla
939 1620 981 1692 in
1000 1617 1129 1694 charta
1150 1616 1276 1693 lucida
1301 1632 1472 1696 accurate
1495 1645 1520 1696 a
1542 1647 1604 1698 me
1622 1625 1824 1723 descripta
1877 1623 1971 1698 Tah.
1987 1623 2078 1697 Vlll.
2098 1623 2270 1722 sequitur

428 1763 647 1861 exemplum
673 1755 850 1854 Pignorii.
902 1753 968 1826 Ex
994 1775 1109 1853 opere
1138 1753 1381 1853 Description
1408 1753 1457 1829 de
1493 1757 1666 1856 l’llgypte
1694 1771 1783 1835 sunt
1809 1755 2270 1835 taurustaurus

427 1920 543 1978 manu
564 1895 788 1969 delineatae.
841 1887 1069 1980 Sarcnphagi
1094 1887 1236 1957 Sethici
1258 1889 1524 1983 inscriptiones
1546 1894 1657 1987 (lab.
1674 1893 1758 1992 V.)‚
1787 1909 1902 1990 atque
1924 1911 2114 1989 papyrum
2138 1885 2270 1963 d'Her·

428 2029 561 2110 mandi
586 2024 696 2127 (Tab.
713 2022 792 2120 lX.)
823 2016 1026 2094 lomardus
1052 2018 1115 2093 tl.
1141 2017 1350 2092 secundum
1380 2021 1652 2120 impressiones
1684 2026 1919 2125 sulphuricas
1952 2035 2066 2121 atque
2096 2034 2272 2120 cumgra-

428 2169 547 2272 phum
570 2171 758 2250 accurate,
773 2169 818 2234 vt
830 2176 1013 2256 praesens
1034 2151 1137 2271 vidi,
1158 2154 1201 2226 iu
1225 2154 1347 2228 lucem
1373 2155 1508 2230 edidit
1558 2157 1738 2255 Reliquae
1763 2159 1874 2260 (l'ab
1890 2159 1933 2234 ll.
1947 2157 2017 2235 No.
2034 2159 2091 2248 ΙΙ.,
2104 2157 2166 2232 Vl.
2182 2157 2273 2256 Vll)

430 2305 602 2378 nituntur
624 2291 937 2397 impressionibus
960 2290 1199 2390 papyraceis,
1223 2309 1302 2362 non
1322 2291 1461 2380 miuus,
1485 2313 1598 2390 quam
1621 2293 1872 2392 sulphuricae‚
1894 2275 2089 2385 accuratis,
2112 2312 2271 2392 querum

429 2439 618 2514 rationem
641 2431 826 2528 descripsi
849 2428 901 2528 (p.
916 2425 1033 2525 2⁷0.).
1087 2422 1180 2498 Tab.
1194 2423 1241 2517 h,
1268 2423 1416 2498 difficile
1442 2448 1557 2524 opus,
1582 2431 1751 2504 continet
1781 2451 1913 2504 omnes
1937 2427 2091 2504 zodiaci
2117 2425 2273 2502 diuisio-

430 2596 499 2648 nes
533 2567 784 2646 a'vctcribus
816 2571 1131 2638 commemoratas
1164 2571 1278 2657 atque
1307 2559 1439 2636 obuias
1469 2561 1510 2636 in
1547 2566 1804 2638 monumentis
1837 2565 2114 2665 samonum
2153 2573 2275 2638 astru·

430 2705 591 2784 nomicis
614 2723 699 2777 cum
723 2699 895 2799 patronis
927 2698 1005 2771 ruis
1032 2694 1295 2790 singularibus.
1347 2677 1407 2771 Dc
1428 2695 1521 2771 'l'ah
1546 2695 1683 2788 Tituli,
1723 2698 1837 2800 duplo
1866 2701 2003 2776 minori
2028 2697 2274 2798 autographo,

433 2843 528 2919 alias
548 2840 681 2936 loquar
707 2834 838 2909 fusius.
889 2831 1006 2906 'l'abh
1025 2829 1082 2904 ill.
1108 2827 1167 2903 IV.
1193 2828 1268 2904 Va.
1285 2829 1359 2904 Vh.
1382 2829 1441 2904 Vl.
1465 2831 1540 2908 vlt.
1564 2831 1624 2906 tx
1645 2835 1728 2933 ipse
1753 2835 1929 2935 inscripsi
1950 2837 1992 2909 in
2011 2835 2139 2937 lapids
2161 2831 2276 2909 lithu-

434 2973 625 3074 graphicu,
645 2967 748 3068 quod
771 2965 878 3044 valet
902 2967 1019 3040 etiam
1046 2963 1094 3037 de
1120 2965 1248 3058 liguris
1274 2965 1420 3043 Lexici.

457 3113 460 3120 '
489 3114 492 3124 '
535 3107 685 3182 Literas
718 3099 895 3199 Copticas
920 3097 992 3172 hoc
1023 3101 1202 3198 inopere
1227 3098 1418 3175 adhibitas
1445 3103 1635 3177 excudere
1661 3105 1755 3180 iussi
1779 3106 1830 3182 ad
1850 3106 1965 3182 iidem
1984 3109 2212 3207 optimorum
2236 3116 2277 3178 et

437 3227 784 3341 antiquissimorum
805 3233 986 3309 Codicum
1011 3233 1282 3323 Romanorum,
1302 3233 1572 3326 Parisinorum,
1586 3236 1841 3333 Anglimrum,
1860 3245 2060 3344 praecipue
2082 3239 2132 3316 ad
2154 3261 2276 3315 mem·

437 3379 666 3455 branaccum
690 3371 788 3450 Mus.
810 3369 901 3449 Brit.
927 3391 987 3445 no.
1016 3375 1142 3460 bnt,
1165 3391 1258 3468 quos
1285 3380 1398 3468 typos
1429 3368 1543 3446 credo
1567 3367 1644 3446 nou
1672 3375 1794 3450 solum
1821 3377 2027 3470 elegantia,
2049 3374 2132 3454 -sed
2158 3375 2276 3451 etiam

437 3512 513 3588 ide
539 3530 719 3609 superare
743 3506 909 3603 reliquos
936 3505 1146 3595 Romanos,
1172 3503 1384 3595 Parisinus,
1408 3505 1673 3584 Londinenses
1705 3521 1746 3584 et
1769 3511 1986 3610 Lipsienses
2011 3509 2136 3584 adhuc
2158 3512 2278 3585 vcita-

439 3661 509 3724 tos.
560 3645 711 3732 Restat,
735 3654 781 3717 vt
802 3663 865 3714 mc
888 3661 1088 3740 meamque
1110 3663 1192 3714 rem
1217 3639 1325 3730 Tibi,
1348 3637 1522 3716 Candide
1548 3643 1694 3734 Lector,
1714 3641 1989 3720 commendem.
2039 3643 2137 3744 lpse,
2163 3662 2279 3740 quam

439 3781 569 3859 multis
593 3775 808 3878 apartibus
835 3775 1128 3874 reprehensione
1153 3774 1289 3870 dignus
1315 3777 1407 3867 sim,
1439 3781 1562 3855 sentio
1587 3803 1631 3854 ae
1650 3783 1853 3878 persentio.
1902 3778 2008 3856 Nihil
2031 3777 2175 3867 habeo,
2202 3799 2277 3875 quo

440 3925 596 4019 peccata
621 3936 709 3989 mea
735 3912 833 3987 forte
856 3913 985 4008 grauia
1004 3932 1197 3999 excusem,
1212 3922 1363 4009 praeter
1385 3915 1442 3988 rei
1464 3917 1674 3990 nouitatem
1692 3927 1732 3990 et
1752 3915 2009 3991 difficultatem
2034 3923 2147 4011 atquc
2167 3911 2279 3987 huius

439 4050 596 4126 triennii
617 4049 817 4123 rationem.
869 4045 1029 4126 Difficile
1049 4057 1120 4136 est,
1146 4047 1246 4119 inter
1271 4045 1443 4144 publicas
1467 4051 1709 4148 priuatasque
1736 4049 1973 4125 turbationes
1997 4061 2039 4123 et
2060 4047 2280 4124 sollicitudi-

440 4207 510 4260 nes
536 4183 645 4282 honis
667 4185 844 4259 omnibus
868 4193 908 4256 et
925 4181 1044 4254 Musis
1064 4181 1266 4280 praecipue
1293 4181 1474 4274 funestas,
1495 4185 1537 4258 in
1558 4186 1693 4284 quibus
1719 4184 1815 4260 haec
1840 4195 1930 4258 sunt
1954 4185 2106 4283 scripta,
2131 4205 2281 4258 conser-
2419 4227 2430 4242 ·

441 4341 535 4398 vare
558 4315 634 4391 sibi
658 4341 743 4394 eam
768 4319 887 4396 animi
911 4316 1123 4390 libertatem
1150 4327 1190 4389 et
1211 4315 1455 4410 hilaritatem,
1480 4320 1615 4420 quihus
1641 4322 1735 4395 solis
1759 4319 1955 4396 literarum
1976 4323 2189 4417 artiumque
2214 4317 2281 4392 hu-

441 4474 578 4530 uarum
607 4447 736 4526 studia
758 4455 887 4548 vigere
914 4463 955 4526 et
979 4451 1114 4524 florere
1137 4451 1302 4526 valeant
1354 4451 1481 4542 Quare
1507 4457 1645 4534 vellem
1672 4453 1728 4528 'l'c
1756 4476 1835 4528 nun
1869 4453 1992 4529 solum
2022 4454 2185 4539 iustum,
2211 4449 2283 4528 sed

445 4589 562 4682 ctiam
587 4584 846 4682 indulgentem
870 4586 1009 4664 hahere
1030 4585 1207 4661 iudicem.

1884 4851 2060 4942 Auctor.
