4928 6102
1201 527 1514 603 ...6.-

446 734 532 798 lacta
560 740 592 792 et
618 725 687 789 ieta
705 724 789 786 inter
811 739 846 784 se
868 715 1047 802 comparari
1066 727 1202 798 possum
1223 716 1256 776 in
1279 727 1371 778 tanta
1392 713 1622 800 chronologiae
1642 711 1818 800 iragilltata
1839 722 1873 776 et
1896 713 2131 796 peruersitatel
2161 710 2274 798 Neque

448 850 510 913 hoc
531 847 647 910 numm
670 851 728 904 est.
758 837 886 902 Etenim
907 851 1018 896 omnes
1040 831 1186 894 nationes
1204 849 1306 894 annos
1329 843 1537 895 numerarunt
1559 829 1600 894 ad
1620 849 1733 915 regum
1755 849 1887 892 suorum
1908 849 2020 914 regna,
2044 848 2103 892 neo
2124 829 2188 892 nisi
2209 841 2276 892 tam

449 963 522 1042 diu,
560 979 655 1044 qnam
684 953 740 1018 diu
760 955 908 1038 vigerent
934 967 1042 1011 rerum
1066 965 1196 1008 suarum
1228 959 1341 1014 status.
1384 949 1557 1013 Praeterea
1582 931 1756 1010 multorum
1778 942 1971 1030 populorum
1993 942 2069 1009 libri
2098 956 2155 1007 aut
2180 942 2277 1028 plane

449 1077 651 1154 interiorunt,
676 1083 732 1133 aut
755 1089 871 1154 parom
893 1068 1006 1129 innare
1026 1059 1138 1125 valent
1158 1060 1410 1148 chronologiam.
1453 1060 1616 1138 Quantum
1628 1083 1706 1126 vero
1727 1075 1875 1127 autorum
1895 1062 2038 1124 incuriae
2058 1057 2277 1124 librariorum·

450 1214 517 1279 que
536 1189 752 1276 negligentiae
773 1182 911 1248 dandum
931 1183 992 1259 sit,
1017 1198 1101 1240 nunc
1120 1179 1181 1240 vix
1199 1175 1326 1242 definiri
1351 1192 1467 1263 potest.
1508 1177 1581 1243 vix
1603 1178 1666 1242 duo
1687 1177 1813 1244 codices
1833 1178 2062 1281 inueniuntur,
2086 1173 2201 1261 quibus
2222 1196 2277 1240 ea·

451 1312 524 1374 dem
543 1322 749 1370 numerorum
771 1303 864 1386 signa
887 1297 1098 1382 reperiantur.
1143 1291 1253 1369 Quidt
1283 1295 1368 1380 quod
1390 1295 1494 1359 codex
1516 1315 1606 1358 sacer
1630 1293 1673 1359 V.
1688 1290 1730 1357 T.
1752 1291 1939 1379 longissime
1960 1292 2069 1358 differt
2090 1311 2110 1354 a
2131 1292 2279 1356 versione

451 1423 567 1490 LXX.
600 1417 692 1495 Quae
713 1437 809 1503 quum
832 1415 964 1478 sentiret
978 1409 1128 1488 Newton,
1150 1408 1191 1472 ad
1216 1414 1443 1476 mnonomiam
1463 1408 1710 1495 confugiendum
1729 1430 1800 1473 esse
1819 1411 2002 1474 amtisn'me
2023 1413 2157 1476 conenit.
2188 1409 2279 1476 Nihil

452 1543 537 1608 enim
558 1537 676 1600 certius
695 1546 744 1596 ost
765 1525 1042 1596 obseruationibus
1064 1519 1284 1609 astronomicis
1314 1549 1385 1591 cnm
1405 1526 1559 1592 historiae
1582 1524 1749 1590 enantibus
1769 1527 1965 1608 coniunctis,
1994 1547 2130 1612 quorum
2152 1540 2277 1611 tempus

454 1681 519 1726 non
540 1655 644 1721 solum
667 1648 924 1725 accuratissime,
955 1643 1012 1708 sed
1033 1647 1130 1711 etiam
1150 1647 1325 1711 certissime
1346 1665 1406 1728 pro
1426 1644 1544 1707 nostris
1565 1639 1700 1708 auxiliis
1721 1642 1943 1706 astronomicis
1961 1645 2139 1726 computari
2160 1655 2278 1728 potest.

413 1823 437 1850 s
453 1775 518 1842 Sed
539 1791 620 1858 quae
644 1764 783 1830 Newton
810 1746 928 1846 aliique
950 1761 990 1824 ad
1015 1759 1256 1846 chronologiam
1277 1759 1507 1844 historiamque
1528 1756 1758 1852 corrigendam·
1779 1755 1981 1838 contulerunt
2003 1777 2050 1820 ex
2072 1759 2279 1838 astronomia,

455 1915 505 1974 aa,
529 1903 563 1954 vt
584 1881 731 1972 profiteri
752 1876 916 1958 debemus,
938 1878 1070 1941 minoris
1091 1889 1166 1940 sunt
1187 1879 1350 1941 momenti.
1393 1875 1523 1940 Etenim
1543 1871 1786 1938 obsemationes
1807 1877 2057 1956 astronomicae,
2086 1873 2127 1938 ad
2147 1887 2281 1938 euentus

454 2004 608 2095 quosdam
631 1998 798 2062 historiens
820 2007 1009 2074 reuocatae,
1047 1992 1216 2057 admodum
1238 2014 1331 2056 rarae
1351 1993 1385 2056 in
1407 2004 1552 2056 ueterum
1575 1991 1703 2074 scriptis
1723 1993 1943 2074 reperiuntur,
1980 1992 2100 2076 passim
2120 1989 2226 2054 obiter
2247 2001 2280 2052 et

455 2119 656 2206 negligenter
676 2121 981 2190 commemorantur,
1010 2130 1114 2195 nequo
1137 2123 1282 2204 tempora
1303 2112 1374 2194 ipsa
1396 2111 1560 2194 attingunt
1582 2107 1812 2192 antiquissima.
1855 2105 2025 2186 Ceterum,
2048 2127 2131 2192 quae
2152 2119 2281 2170 veteres

456 2240 496 2302 de
517 2231 654 2321 planetis
676 2230 743 2297 suis
765 2226 987 2307 obseruarunt,
1012 2245 1051 2288 ea
1074 2225 1272 2289 omniafere
1293 2225 1332 2288 ad
1354 2224 1499 2310 singulos
1520 2222 1678 2308 planetas,
1701 2223 1771 2286 siue
1795 2221 1835 2286 ad
1856 2222 1990 2309 eclipses
2012 2221 2089 2286 solis
2108 2221 2279 2308 lunaeque,

456 2358 526 2419 siue
547 2347 587 2414 ad
608 2345 845 2408 coniunctiones
865 2338 1066 2427 planetarum
1088 2362 1159 2404 curn
1174 2341 1277 2405 stellis
1297 2339 1387 2422 fixis,
1404 2343 1576 2426 pertinent,
1598 2359 1702 2422 neque
1722 2360 1800 2403 vero
1822 2339 1862 2402 ad
1883 2336 1993 2422 plures
2010 2335 2065 2402 vel
2084 2359 2194 2402 omnes
2211 2335 2283 2422 pla·

457 2477 550 2528 netas
580 2459 695 2540 simul;
732 2436 822 2523 cuius
843 2459 970 2543 generis
996 2456 1239 2522 obseruationes
1261 2457 1431 2520 admittunt
1451 2457 1551 2543 longa
1579 2457 1732 2520 certiores
1755 2455 2009 2539 computationes
2029 2452 2281 2540 chronologicas.

456 2578 530 2656 Qua
551 2577 592 2640 de
612 2598 648 2640 re
669 2597 731 2640 non
751 2575 862 2668 mirari
874 2570 961 2653 licet,
980 2571 1190 2638 Newtonium
1204 2573 1256 2638 his
1274 2576 1307 2636 in
1327 2571 1603 2640 lucubrationibus
1624 2568 1859 2655 chronologicis
1873 2573 2069 2636 astronomia
2089 2571 2181 2634 iretis
2202 2591 2282 2635 non·

457 2714 618 2781 nunquam
639 2711 717 2754 vere
737 2690 847 2772 inepta
869 2701 902 2751 et
924 2686 963 2751 ab
989 2691 1075 2752 omni
1094 2688 1322 2774 probabilitate
1347 2688 1453 2766 aliena
1474 2690 1647 2754 inuenisse.
1688 2686 1761 2750 Hoc
1784 2699 1869 2750 certe
1890 2688 2125 2753 concedendum
2147 2699 2213 2768 est,
2242 2684 2283 2748 ad

458 2809 696 2893 chronologiam
716 2805 860 2868 maxime
883 2807 1093 2889 antiquiorem
1114 2803 1339 2870 stabiliendam
1359 2827 1472 2873 omnes
1492 2809 1564 2871 vias
1584 2817 1743 2886 tentatas,
1779 2825 1891 2869 omnes
1911 2805 2019 2870 lontes
2047 2803 2227 2870 exhaustos
2248 2813 2283 2865 et

459 2925 644 2996 exantlatos
667 2940 753 2998 esse;
780 2939 884 3002 neque
906 2941 984 2984 vero
1006 2919 1058 2985 vel
1084 2943 1169 3013 nunc
1191 2924 1270 2986 satis
1292 2936 1438 2988 constare
1459 2921 1499 2986 de
1520 2920 1650 3008 epochis
1671 2919 1900 3006 chronologiae
1922 2924 2110 3008 antiquioris
2131 2921 2283 3006 manissi-

458 3047 530 3111 mis.
572 3039 755 3106 Etiamnum
775 3035 860 3098 anim
883 3035 1045 3100 dissensus
1062 3051 1111 3100 est
1131 3037 1171 3100 de
1192 3053 1300 3102 aetate
1319 3037 1432 3120 Moris,
1455 3038 1495 3102 de
1517 3040 1609 3102 exitu
1630 3034 1850 3100 israelitarum
1869 3059 1915 3104 ex
1937 3036 2099 3126 Aegypto,
2123 3037 2163 3100 de
2182 3056 2283 3121 regno

320 3160 330 3181 ¹
459 3158 656 3235 Salomonis,
686 3153 725 3216 de
753 3150 838 3215 bello
861 3141 1022 3230 Troiano,
1049 3151 1090 3214 de
1118 3150 1314 3235 Memnonis,
1338 3155 1512 3234 Sesostris,
1543 3153 1695 3233 Homeri,
1734 3164 1832 3237 atque
1859 3169 2087 3228 sexcentorum
2105 3155 2285 3241 principum

459 3292 630 3356 remmque
649 3282 811 3354 gestarum
833 3265 963 3350 epochis
983 3288 1047 3331 non
1068 3265 1172 3331 solnm
1194 3268 1278 3356 apud
1300 3268 1497 3354 Aegyptios,
1523 3268 1581 3333 sed
1602 3289 1713 3333 omnes
1733 3268 1802 3332 lere
1822 3283 1937 3357 gentes
1956 3269 2065 3358 paullo
2088 3271 2284 3356 antiquiores

461 3388 649 3476 Maxandro
671 3385 802 3470 Magno.
845 3382 883 3446 ln
907 3394 994 3446 tanta
1015 3382 1245 3470 chronologiae
1268 3398 1300 3448 et
1320 3382 1474 3448 historiae
1496 3384 1690 3449 obscuritate
1709 3403 1746 3446 ac
1766 3383 1978 3452 fluctuatione
1999 3391 2058 3454 vix
2082 3385 2201 3472 aliquid
2224 3405 2284 3448 ex·

375 3585 385 3596 ,
461 3507 604 3594 optatius
624 3515 657 3564 et
685 3501 897 3566 desideratius
917 3499 1060 3563 accidere
1081 3514 1206 3585 posset,
1236 3523 1331 3587 quam
1352 3504 1499 3566 inuenire
1521 3499 1765 3566 obseruationes
1787 3506 2016 3570 astronomicas
2035 3501 2192 3588 plurimas
2212 3522 2284 3565 aas·

461 3644 524 3711 qne
547 3618 793 3702 antiquissimas.
836 3613 964 3679 Scilicet
984 3614 1226 3682 obseruationes
1248 3620 1481 3682 astronomicae
1501 3615 1739 3703 Aegyptiacae,
1767 3632 1804 3682 vt
1826 3640 1872 3683 ex
1891 3593 2014 3705 papyro
2033 3617 2180 3684 Saltiena
2201 3619 2286 3682 dicta

461 3749 595 3826 apparet
618 3734 724 3818 (Part.
739 3731 800 3796 lll.
817 3732 923 3814 Μ),
944 3732 976 3795 id
999 3731 1121 3796 habent
1138 3731 1321 3818 peculiare,
1344 3734 1447 3820 quod,
1470 3736 1541 3797 sine
1563 3730 1773 3818 astrologiae,
1802 3737 1872 3798 siue
1891 3735 2045 3800 historiae
2068 3738 2193 3822 gratia,
2220 3757 2285 3800 non

459 3858 555 3922 vnios
574 3848 734 3935 planetae,
757 3847 813 3910 sed
833 3847 973 3933 plurium
997 3847 1049 3912 vel
1071 3851 1224 3931 omnium,
1249 3849 1369 3914 seilicet
1390 3848 1484 3930 Solis,
1506 3847 1632 3931 Lunae,
1655 3847 1795 3932 Saturni,
1818 3849 1920 3934 Jonis,
1942 3851 2068 3935 Martis,
2090 3851 2229 3918 Veneris
2251 3868 2286 3917 et

462 3967 634 4044 Mercurii,
665 3960 737 4025 loca
758 3975 845 4026 certo
866 3965 1001 4047 quodam
1022 3978 1166 4050 tempore
1195 3965 1290 4030 simul
1319 3964 1360 4029 ab
1388 3968 1429 4029 iis
1451 3979 1606 4050 occupata
1631 3965 1773 4031 indicant
1797 3980 1830 4030 et
1853 3966 2022 4035 exhibent.
2065 3969 2152 4034 lntor
2174 3989 2286 4032 ornnes

462 4101 569 4152 autem
587 4088 727 4156 constat,
759 4077 814 4161 qui
833 4083 1047 4160 astronomiae
1067 4079 1207 4166 aliqunm
1229 4103 1360 4167 operam
1383 4094 1563 4164 nauarunt,
1593 4095 1716 4168 septem
1742 4082 1816 4146 illos
1834 4077 2009 4170 planetas,
2032 4106 2113 4172 quos
2133 4084 2286 4171 Aegyptii

463 4211 628 4280 uocarunt,
649 4213 709 4282 per
723 4204 824 4257 totam
845 4191 1010 4258 historiam
1030 4194 1132 4260 semel
1146 4210 1269 4262 tanturn
1290 4198 1386 4262 simul
1407 4199 1518 4264 eadem
1531 4197 1661 4284 zodiaci
1681 4197 1752 4264 loca
1773 4220 1939 4287 occupare.
1981 4203 2044 4267 Per
2065 4215 2165 4268 totam
2184 4202 2286 4266 bisto-

464 4321 544 4384 riam
565 4310 672 4376 nullus
693 4311 821 4375 exstitit
840 4308 921 4391 dies,
942 4307 1030 4396 nulla
1050 4308 1143 4393 hora,
1165 4335 1229 4398 qua
1249 4314 1323 4398 sot,
1347 4315 1458 4397 Luna,
1479 4313 1661 4398 Saturnus,
1672 4315 1817 4401 Jupiter,
1834 4291 1977 4383 Mario
1999 4319 2115 4406 reliqui
2132 4311 2287 4404 'planetae

460 4441 577 4502 iterum
600 4427 838 4490 continerentur
853 4425 983 4491 Zodiaci
1004 4428 1037 4489 in
1058 4425 1212 4514 gradibus
1233 4431 1365 4512 iisdem,
1398 4444 1495 4516 atque
1516 4432 1648 4514 accidit,
1679 4429 1822 4517 exempli
1843 4437 1966 4519 gratia,
1997 4435 2126 4501 Anrosis
2146 4445 2201 4496 aut
2220 4431 2306 4498 Ra.

459 4551 575 4614 messis
596 4543 712 4617 natali;
746 4564 850 4627 neque
873 4565 932 4628 per
955 4554 1055 4606 totam
1074 4541 1242 4609 historiam
1265 4544 1365 4610 vllnm
1389 4550 1543 4631 temporis
1568 4561 1762 4612 momentum
1789 4549 1897 4612 afferri
1926 4565 2052 4636 potest,
2085 4577 2147 4642 quo
2172 4555 2288 4619 eadem

462 4667 560 4734 fuerit
581 4661 784 4748 planetarum
809 4658 976 4742 longitudo
999 4674 1097 4745 atque
1116 4658 1212 4724 hodie
1235 4658 1337 4725 hacue
1363 4661 1444 4726 hora
1465 4661 1667 4728 obseruator.
1709 4661 1801 4728 Haec
1823 4665 1907 4728 enim
1936 4679 1985 4732 est
2011 4672 2094 4736 ratio
2116 4683 2149 4734 et
2169 4683 2289 4736 natura

463 4785 550 4863 anni,
574 4799 668 4866 quem
689 4775 843 4861 Aegyptii
862 4785 989 4838 veteres
1012 4776 1176 4858 dixerunt,
1190 4775 1365 4862 planetaria
1381 4778 1436 4844 vel
1456 4782 1576 4865 magni.
1618 4777 1723 4855 Quem
1745 4801 1863 4844 annum
1884 4779 2036 4868 Aegyptii
2058 4784 2184 4870 quidem
2206 4807 2288 4852 non·

349 4894 357 4906 “
462 4901 525 4966 nisi
552 4899 636 4961 9966
664 4892 719 4958 vel
744 4893 830 4957 9977
858 4891 950 4954 annis
971 4889 1180 4978 Aegyptiacis
1201 4905 1347 4960 constare
1368 4907 1540 4982 putarunt;
1576 4905 1625 4958 est
1654 4908 1760 4962 autem
1781 4895 1878 4982 louge
1907 4897 2042 4984 amplior
2060 4899 2122 4972 ²⁵).
2167 4897 2287 4984 Cyclas

531 5182 579 5246 25)
598 5179 703 5233 Sextus
720 5177 881 5244 Empiricos
899 5174 964 5228 adu.
984 5175 1060 5228 Astr.
1081 5173 1115 5226 L.
1131 5173 1165 5228 V.
1190 5177 1281 5233 alui.
1303 5195 1329 5248 p.
1337 5177 1397 5233 tos.
1417 5177 1528 5234 Fabric.
1545 5177 1629 5234 dicite
1653 5199 1733 5250 prayer
1753 5183 1871 5244 dummoc
1885 5179 1925 5234 δι’
1945 5185 2146 5248 inmaturitas
2167 5191 2286 5242 tumo-

466 5290 527 5326 utut
550 5287 592 5319 και
618 5265 791 5334 ἱβδομηκοπα
814 5278 857 5311 sur
877 5259 942 5312 insu
964 5259 1028 5314 isus
1045 5263 1100 5314 cei·
1123 5259 1203 5315 conf.
1224 5262 1344 5324 Procius
1367 5261 1432 5314 1..1.
1454 5265 1548 5332 esp.2.
1565 5277 1631 5334 pag·
1647 5265 1680 5316 1⁰
1694 5270 1724 5320 et
1739 5265 1782 5318 ll.
1815 5266 1905 5334 Jacob
1928 5265 2099 5323 Thomala!
2126 5272 2161 5324 de
2186 5270 2286 5326 Stoici
