4830 6102
901 454 1267 589 zoas-

1055 755 1113 840 X.

239 921 248 930 ·
319 894 455 972 Verrem
472 898 709 999 pnisct'pt'trm
726 898 1026 1000 hieroglyphicas
1050 861 1309 999 Aegyptiacae
1335 908 1449 998 atquc
1475 869 1605 970 omna
1618 895 1848 972 literaturae

933 1018 1227 1118 mauritanae.

243 1183 452 1252 Astroncmia
473 1185 691 1272 Aegyptiace,
714 1175 981 1272 quamadmodum
1002 1189 1044 1254 nd
1068 1169 1341 1275 chronologiam,
1363 1185 1560 1263 Historiam,
1582 1181 1836 1272 Mytboiogiam,
1857 1185 1999 1250 Philolo-

157 1305 257 1391 giam,
277 1303 447 1390 Exagasin
468 1299 511 1368 V.
524 1299 577 1384 T,
597 1300 850 1391 Cosmoiogiarn,
870 1308 917 1371 ita
937 1317 970 1371 at
991 1305 1056 1374 iam
1079 1305 1121 1370 ati
1142 1303 1406 1393 hieroglyphicen
1423 1301 1654 1390 Aegyptiacum
1679 1299 1818 1390 deniqne
1832 1301 1909 1367 iacit
1926 1299 2001 1366 ilin-

156 1419 335 1489 strandam.
379 1417 509 1484 Scilicet
529 1415 671 1504 systema
689 1419 925 1507 Aegyptiorum
947 1422 1148 1510 graphicum,
1172 1423 1256 1510 qnod
1277 1423 1430 1488 uniuersa
1451 1419 1578 1502 dicitur,
1603 1417 1705 1485 tribus
1728 1433 1872 1487 constat:
1892 1419 2000 1485 hiero-

157 1539 319 1628 glyphice,
342 1558 400 1602 sen
417 1557 543 1602 summa
558 1535 742 1624 regularum
763 1538 804 1602 ad
826 1561 905 1627 qaas
919 1540 1073 1628 Aegyptii
1095 1543 1299 1628 scripserint;
1318 1538 1540 1619 vocabulario,
1557 1555 1615 1601 seu
1635 1555 1760 1604 summa
1779 1519 1998 1624 syzygiornrb,

154 1657 327 1738 notiones,
357 1665 415 1718 aut
434 1654 525 1720 ideas
546 1635 817 1740 exprimentium
848 1673 946 1745 atqua
960 1657 1203 1744 grammatica,
1232 1678 1290 1723 san
1311 1677 1436 1722 summa
1459 1651 1690 1722 elementorum
1715 1655 1756 1720 ati
1774 1658 1922 1721 notiones
1945 1651 2000 1718 vai

157 1771 321 1841 voeabula
342 1769 553 1857 exprimentia
572 1773 812 1857 pertinentium.
855 1771 1080 1840 Recentiornm
1097 1797 1176 1840 varo
1198 1785 1372 1859 systemata
1387 1771 1640 1862 hieroglyphice,
1660 1797 1742 1864 qnae
1766 1773 1867 1861 vulgo
1890 1771 1999 1835 dicun·

154 1904 225 1972 tnr,
247 1901 324 1953 snat
342 1909 486 1954 summae
506 1887 616 1976 legum
636 1889 906 1978 hieroglyphicas,
927 1889 1158 1957 vocabulorum
1180 1905 1277 1980 atqua
1300 1890 1544 1970 elementorum,
1567 1867 1646 1980 quas
1667 1892 1787 1981 singuli
1807 1889 1846 1956 de
1867 1891 1998 1974 antiqno

152 2007 394 2094 'Aegyptiorum
416 2018 592 2092 systemata
614 2005 819 2092 inuenerunt,
843 2021 899 2074 ant
917 2011 1080 2075 inuenisse
1102 1977 1269 2097 putantur.
1311 2007 1426 2075 Nouae
1449 2013 1533 2075 anim
1552 2011 1591 2075 de
1611 2015 1743 2097 antiqua
1765 2009 1998 2096 Aegyptiorum

157 2127 317 2212 scriptura
337 2123 510 2216 doctrinae
523 2143 594 2189 essa
614 2138 752 2211 possunt
772 2147 871 2192 verae
890 2140 946 2192 aut
965 2118 1084 2209 laissa,
1108 2142 1164 2192 aut
1181 2151 1225 2194 ex
1242 2147 1334 2218 parte
1355 2149 1454 2193 rarae
1475 2140 1507 2192 et
1525 2123 1638 2195 salsae.
1681 2127 1770 2214 Ergo
1787 2126 1999 2191 recentiorum

157 2254 484 2330 quoqne·systemata
506 2240 608 2308 tribua
632 2241 785 2329 partibus
803 2257 968 2311 constant:
995 2241 1248 2336 hieroglyphice,
1271 2245 1480 2314 vocabulario
1503 2257 1598 2332 atque
1620 2246 1840 2332 grammatica.
1884 2239 1999 2307 Omnis

155 2373 236 2425 raro
255 2359 439 2443 systematis
460 2355 695 2446 hieroglyphici
716 2361 869 2446 primaria
892 2375 925 2428 et
945 2364 1138 2450 grauissima
1159 2371 1235 2450 pars
1257 2377 1306 2429 ast
1327 2361 1570 2449 hieroglyphice
1593 2363 1662 2426 siue
1687 2357 1894 2427 doctrinale
1917 2355 1999 2442 iegi-

157 2477 219 2543 bns
247 2485 281 2544 et
302 2473 425 2564 regalia
451 2477 628 2563 scripturae
650 2476 889 2565 Aegyptiacae,
920 2477 1285 2567 tnm'hierogiyphicae,
1316 2495 1383 2546 tum
1406 2481 1579 2546 hieraticae
1602 2494 1634 2544 et
1655 2480 1844 2544 demotieae.
1888 2473 1940 2541 Ab
1960 2487 2000 2538 ea

144 2597 242 2660 'anim
264 2593 389 2681 reliqna
409 2593 551 2680 pendent
573 2613 691 2680 magna
715 2615 758 2659 ax
783 2609 884 2683 parta.
927 2595 1019 2661 lntar
1040 2601 1150 2662 varias
1172 2611 1278 2662 antem
1299 2595 1558 2685 hieroglyphicas
1577 2596 1798 2682 Aegyptiacae
1819 2593 1911 2678 leges
1932 2611 1997 2655 non

155 2715 219 2778 nisi
239 2733 304 2777 rna
326 2723 376 2776 est
395 2709 557 2797 generalia
577 2723 610 2776 et
632 2731 768 2795 summa,
791 2735 874 2801 qnae
896 2715 1086 2800 principium
1101 2713 1355 2801 hieroglyphicas
1380 2715 1504 2779 dicitnr.
1547 2711 1723 2788 Quaeritur
1745 2713 1840 2789 enim,
1865 2728 1929 2794 qna
1952 2725 1999 2770 ax

151 2825 230 2916 *a
249 2829 284 2894 in
303 2829 490 2894 vninersnm
510 2829 629 2916 scripta
650 2826 894 2917 hieroglyphice
917 2831 1110 2920 explicanda
1130 2835 1204 2909 sint,
1227 2833 1297 2898 sine
1318 2832 1395 2919 quid
1416 2833 1480 2896 sint
1500 2832 1595 2917 signa
1609 2828 1851 2915 hieroglyphice
1872 2827 1904 2890 in
1926 2825 1997 2888 vui·

152 2965 300 3012 versum.
341 2944 509 3010 Hactenus
528 2945 688 3030 analytica
713 2950 840 3017 ratione
863 2953 1070 3016 tractanimns
1094 2949 1205 3015 literas
1225 2949 1461 3036 Aegyptiacus,
1485 2952 1532 3014 ita
1556 2961 1593 3013 vt
1614 2950 1762 3031 nomina,
1783 2959 1817 3010 et
1839 2937 1998 3009 vocabola

150 3065 289 3151 cognita
309 3081 381 3125 cnm
401 3061 571 3148 incognitis
592 3080 865 3152 compararentur,
888 3079 983 3154 atqua
1005 3066 1079 3133 inda
1102 3088 1259 3132 nouorum
1278 3065 1593 3154 hieroglyphicornm
1615 3063 1709 3130 valor
1730 3075 1908 3128 erueretur.
1952 3056 1997 3123 At

147 3183 192 3245 in
213 3179 265 3244 his
286 3171 392 3243 certus
415 3193 463 3244 eat
483 3177 568 3247 finis.
612 3179 713 3269 Ergo,
737 3201 835 3270 qnam
852 3183 938 3249 vltra
959 3185 1228 3272 progrediandum
1252 3199 1345 3267 esset,
1368 3181 1593 3270 quaerebatur,
1617 3203 1700 3269 quae
1720 3193 1806 3246 esset
1824 3199 1932 3254 eausa,
1953 3173 1995 3239 ob

147 3317 255 3386 qnam
282 3309 403 3362 cattam
432 3315 547 3362 sonum
576 3312 663 3364 carto
693 3301 787 3386 signo
817 3305 1049 3388 expresserint.
1092 3300 1206 3390 itaque
1228 3305 1292 3366 tria
1314 3299 1571 3388 hieroglyphicas
1596 3299 1816 3388 Aegyptiacae
1839 3295 1996 3385 principia

144 3417 239 3483 inter
260 3436 298 3482 se
328 3413 457 3480 diuersa
480 3435 500 3480 a
526 3414 760 3484 recentioribus
781 3419 1004 3486 commendata
1032 3430 1125 3499 sunt,
1163 3441 1261 3484 vnum
1284 3441 1304 3483 a
1325 3417 1496 3505 Yonngio,
1537 3415 1674 3484 aiterum
1696 3440 1716 3482 a
1738 3411 1996 3502 champollione,

146 3535 287 3600 tertium
307 3553 328 3597 a
346 3551 400 3596 me
423 3531 508 3618 ipso.

139 3693 144 3703 ι
238 3647 363 3716 Beatus
383 3647 576 3738 Youngins,
600 3643 645 3717 V.
668 3651 727 3731 Ε.,
752 3650 806 3739 qni
834 3655 956 3738 primus
980 3650 1101 3740 aliquid
1130 3655 1200 3717 veri
1230 3651 1271 3717 tie
1296 3654 1456 3737 scriptura
1477 3651 1708 3738 Aegyptiorum
1738 3644 1992 3733 hieroglyphice,

143 3769 286 3855 proprie
307 3769 354 3832 sic
374 3768 469 3850 dicte,
496 3765 588 3852 vidit,
609 3765 671 3833 hoc
691 3765 760 3832 iera
782 3767 1039 3856 hieroglyphicas
1061 3771 1253 3858 principium
1275 3773 1451 3835 constitnit.
1495 3769 1658 3852 Scriptura
1681 3763 1924 3852 hieroglyphice
1946 3775 1995 3829 eat
2116 3755 2124 3776 ‘

138 3883 384 3972 itleographica
414 3883 454 3949 ati
484 3887 588 3951 instar
610 3887 764 3952 Sinensis.
808 3887 862 3952 Ex
891 3907 954 3974 qno
983 3889 1081 3952 etiam
1104 3887 1158 3966 fit,
1180 3902 1217 3954 vt
1241 3885 1354 3973 figuris
1374 3881 1742 4006 hieroglyphicisblicet
1758 3881 1994 3969 ideographicis

140 3999 300 4088 syllabae
324 4015 357 4066 et
379 4000 494 4068 literae
517 4004 665 4093 singulae
688 4003 921 4071 vocabulorum
942 4005 1179 4088 nonnullorum,
1204 4003 1325 4069 scilicet
1346 4002 1509 4066 nominum
1531 4004 1746 4090 propriorum,
1761 3999 1993 4089 significentur.

143 4121 312 4187 Sinenset
341 4121 424 4183 enim
455 4123 598 4210 syzygiis
618 4122 856 4211 ideographioia
880 4123 947 4186 sais
972 4128 1069 4188 etiam
1085 4105 1241 4209 'syllabas
1270 4121 1391 4209 passim
1422 4134 1455 4186 at
1476 4119 1608 4198 literas,
1636 4118 1689 4186 vel
1714 4119 1874 4208 simplices
1897 4135 1994 4182 sonos

141 4237 319 4302 nominum
342 4240 547 4324 propriomm
567 4240 765 4327 exprimunt.
807 4239 861 4305 Sic
881 4258 997 4307 nornen
1021 4241 1131 4326 Ping·
1147 4239 1243 4324 Vartg
1265 4240 1460 4332 exprimitur
1483 4239 1621 4326 quodam
1644 4239 1797 4323 syzygia,
1821 4235 1905 4323 qnod
1928 4237 1993 4322 sig·

140 4350 267 4417 nificat
287 4350 480 4420 vocabnla'm
502 4353 596 4439 litera
616 4357 643 4424 P
664 4360 820 4446 incipiens
847 4371 943 4445 atque
965 4359 1011 4424 sic
1033 4359 1193 4445 deinceps.
1236 4358 1289 4423 Sic
1314 4371 1347 4423 at
1368 4357 1537 4444 Yonngiua
1559 4357 1683 4434 docuit,
1707 4351 1872 4420 vasculum
1893 4349 1992 4438 (Tab.

137 4467 223 4534 lx.
250 4467 324 4536 Lin.
341 4467 386 4538 D.
407 4475 450 4558 1.)
481 4471 664 4560 significare
692 4476 821 4540 corbem
853 4478 963 4580 (sstp);
1003 4478 1037 4540 in
1065 4479 1193 4543 nomine
1216 4473 1388 4542 Berenices
1420 4497 1498 4540 vero
1526 4471 1654 4538 literam
1674 4469 1713 4538 B.
1757 4471 1840 4537 Item
1864 4470 1991 4536 leonem

136 4587 271 4654 sumsit
291 4607 350 4673 pro
371 4587 475 4654 literis
497 4587 616 4674 OLE.
642 4587 715 4657 Hac
736 4591 948 4681 qualicunque
972 4596 1098 4660 ratione
1120 4595 1289 4683 Youngius
1315 4618 1353 4660 eo
1375 4593 1540 4680 peruenit,
1563 4605 1599 4656 vt
1622 4591 1762 4655 omnium
1785 4591 1910 4676 primus
1932 4609 1992 4653 no·

133 4705 244 4772 mina
265 4701 455 4789 Ptolemaei,
479 4699 684 4793 Cleopatrae,
708 4707 880 4798 Berenices
900 4707 1026 4801 aliaque
1048 4712 1202 4780 nonnulla
1223 4707 1464 4799 hieroglyphice
1481 4713 1599 4797 scripta
1622 4706 1811 4794 explicaret,
1835 4729 1917 4794 qnae
1939 4727 1991 4790 sy·

130 4823 252 4908 zygia
274 4818 517 4916 hieroglyphice
538 4847 558 4888 a
579 4827 706 4890 nentina
730 4848 813 4896 nunc
834 4852 897 4896 non
919 4831 1080 4897 habentur
1099 4853 1159 4918 pro
1179 4829 1367 4906 Ptolemaei,
1390 4827 1583 4916 Cleopatrae
1606 4839 1638 4891 et
1659 4823 1832 4890 Berenices
1855 4825 1992 4890 nomini-

129 4939 214 5006 bus
238 4949 336 5026 atqua
356 4941 390 5005 in
410 4941 653 5011 vocabularium
667 4946 900 5034 Aegyptiacum
920 4964 1049 5035 recepta
1064 4961 1150 5014 sunt.
1179 4942 1294 5037 ltaque
1310 4948 1501 5035 principium
1520 4940 1780 5030 hieroglyphicas
1801 4964 1820 5006 a
1838 4937 1988 5027 Youngio

127 5055 411 5125 commendatum
433 5057 497 5123 hoc
518 5075 567 5125 est
587 5066 805 5149 potissimum:
828 5063 971 5149 figurae
992 5062 1260 5148 lt'eroglypltt'eaa
1283 5065 1362 5127 licet
1381 5065 1469 5127 altar
1490 5059 1749 5147 ideograplricae
1773 5065 1872 5160 eticae
1894 5077 1990 5123 aanor

121 5173 272 5244 valcat
293 5193 360 5256 aar,
384 5179 442 5260 qur·
459 5179 495 5238 ia
516 5177 686 5266 cocubalo,
710 5182 796 5270 qaod
815 5181 986 5276 siguificat
1004 5189 1126 5246 certata
1147 5179 1433 5265 tserogtyptaam,
1458 5178 1647 5262 audiantur,
1670 5199 1755 5244 acac
1777 5177 1902 5266 quidem
1923 5172 1989 5256 ryt-

121 5289 260 5374 meat,
285 5305 375 5356 aare
396 5293 559 5380 simplt'eca
580 5296 708 5383 It‘terus,
731 5305 803 5366 rt'tte
824 5299 969 5383 coccias,
991 5305 1062 5365 rr'rta
1084 5319 1257 5366 consonas.
