<?xml version="1.0" encoding="UTF-8"?>
<!DOCTYPE html PUBLIC "-//W3C//DTD XHTML 1.0 Transitional//EN"
    "http://www.w3.org/TR/xhtml1/DTD/xhtml1-transitional.dtd">
<html xmlns="http://www.w3.org/1999/xhtml" xml:lang="en" lang="en">
 <head>
  <title>
</title>
<meta http-equiv="Content-Type" content="text/html;charset=utf-8" />
  <meta name='ocr-system' content='tesseract 3.04.00' />
  <meta name='ocr-capabilities' content='ocr_page ocr_carea ocr_par ocr_line ocrx_word'/>
</head>
<body>
  <div class='ocr_page' id='page_1' title='image "./systemaastronom00seyfgoog_0044.png"; bbox 0 0 4958 6092; ppageno 0'>
   <div class='ocr_carea' id='block_1_1' title="bbox 924 513 1299 578">
    <p class='ocr_par' dir='ltr' id='par_1_1' title="bbox 924 513 1299 578">
     <span class='ocr_line' id='line_1_1' title="bbox 924 513 1299 578; baseline -0.016 -17"><span class='ocrx_word' id='word_1_1' title='bbox 924 513 1299 578; x_wconf 73' lang='lat' dir='ltr'><strong>...m-.-</strong></span> 
     </span>
    </p>
   </div>
   <div class='ocr_carea' id='block_1_2' title="bbox 190 682 2121 1620">
    <p class='ocr_par' dir='ltr' id='par_1_2' title="bbox 191 682 2034 1056">
     <span class='ocr_line' id='line_1_2' title="bbox 293 682 2033 786; baseline 0.003 -23"><span class='ocrx_word' id='word_1_2' title='bbox 293 689 466 786; x_wconf 84' lang='lat' dir='ltr'><strong>Papymr</strong></span> <span class='ocrx_word' id='word_1_3' title='bbox 500 683 751 766; x_wconf 82' lang='lat' dir='ltr'><strong>rl’llerrnaudi</strong></span> <span class='ocrx_word' id='word_1_4' title='bbox 787 683 1053 782; x_wconf 79' lang='lat' dir='ltr'><strong>audquisrima</strong></span> <span class='ocrx_word' id='word_1_5' title='bbox 1083 683 1409 766; x_wconf 84' lang='lat' dir='ltr'><strong>constellationem</strong></span> <span class='ocrx_word' id='word_1_6' title='bbox 1440 682 1600 770; x_wconf 73' lang='lat' dir='ltr'><strong>emicet</strong></span> <span class='ocrx_word' id='word_1_7' title='bbox 1628 684 1747 766; x_wconf 81' lang='lat' dir='ltr'><strong>bancr</strong></span> <span class='ocrx_word' id='word_1_8' title='bbox 1783 689 1869 774; x_wconf 75' lang='lat' dir='ltr'><strong>aa</strong></span> <span class='ocrx_word' id='word_1_9' title='bbox 1905 691 1953 764; x_wconf 74' lang='grc' dir='ltr'><strong>8σ</strong></span> <span class='ocrx_word' id='word_1_10' title='bbox 1977 687 2033 775; x_wconf 82' lang='lat'><strong>0¹,</strong></span> 
     </span>
     <span class='ocr_line' id='line_1_3' title="bbox 196 813 2034 918; baseline 0.019 -52"><span class='ocrx_word' id='word_1_11' title='bbox 196 823 379 910; x_wconf 59' lang='lat'><strong>,9100</strong></span> <span class='ocrx_word' id='word_1_12' title='bbox 399 826 480 913; x_wconf 59' lang='lat' dir='ltr'><strong>por,</strong></span> <span class='ocrx_word' id='word_1_13' title='bbox 523 823 607 912; x_wconf 62' lang='grc' dir='ltr'>Η</span> <span class='ocrx_word' id='word_1_14' title='bbox 640 819 711 902; x_wconf 78' lang='lat'><strong>190</strong></span> <span class='ocrx_word' id='word_1_15' title='bbox 730 820 792 910; x_wconf 83' lang='lat'><strong>0¹,</strong></span> <span class='ocrx_word' id='word_1_16' title='bbox 832 821 915 904; x_wconf 66' lang='lat' dir='ltr'><strong>iactr</strong></span> <span class='ocrx_word' id='word_1_17' title='bbox 939 818 988 894; x_wconf 79' lang='lat'><strong>2⁰</strong></span> <span class='ocrx_word' id='word_1_18' title='bbox 1007 822 1094 908; x_wconf 83' lang='lat'><strong>30‘,</strong></span> <span class='ocrx_word' id='word_1_19' title='bbox 1126 820 1206 902; x_wconf 63' lang='lat' dir='ltr'><strong>atti</strong></span> <span class='ocrx_word' id='word_1_20' title='bbox 1230 813 1298 892; x_wconf 84' lang='lat'><strong>19⁰</strong></span> <span class='ocrx_word' id='word_1_21' title='bbox 1320 822 1401 907; x_wconf 81' lang='lat'><strong>30¹,</strong></span> <span class='ocrx_word' id='word_1_22' title='bbox 1428 821 1514 902; x_wconf 60' lang='lat' dir='ltr'><strong>iffi</strong></span> <span class='ocrx_word' id='word_1_23' title='bbox 1542 818 1615 896; x_wconf 80' lang='grc' dir='ltr'><strong>25ο</strong></span> <span class='ocrx_word' id='word_1_24' title='bbox 1635 824 1719 912; x_wconf 81' lang='lat'><strong>30‘,</strong></span> <span class='ocrx_word' id='word_1_25' title='bbox 1755 819 1839 916; x_wconf 70' lang='lat' dir='ltr'><strong>biii</strong></span> <span class='ocrx_word' id='word_1_26' title='bbox 1863 819 1938 900; x_wconf 74' lang='lat'><strong>24⁰</strong></span> <span class='ocrx_word' id='word_1_27' title='bbox 1957 823 2034 918; x_wconf 73' lang='lat'><strong>30¹,</strong></span> 
     </span>
     <span class='ocr_line' id='line_1_4' title="bbox 191 953 2033 1056; baseline 0.002 -28"><span class='ocrx_word' id='word_1_28' title='bbox 191 960 281 1037; x_wconf 80' lang='lat' dir='ltr'><strong>Hor.</strong></span> <span class='ocrx_word' id='word_1_29' title='bbox 309 973 349 1047; x_wconf 72' lang='lat'>5</span> <span class='ocrx_word' id='word_1_30' title='bbox 374 960 421 1036; x_wconf 82' lang='lat'><strong>8⁰</strong></span> <span class='ocrx_word' id='word_1_31' title='bbox 437 961 493 1033; x_wconf 81' lang='lat'><strong>0‘.·</strong></span> <span class='ocrx_word' id='word_1_32' title='bbox 540 954 645 1045; x_wconf 79' lang='lat' dir='ltr'><strong>Quae</strong></span> <span class='ocrx_word' id='word_1_33' title='bbox 672 954 867 1029; x_wconf 89' lang='lat' dir='ltr'><strong>obseruari</strong></span> <span class='ocrx_word' id='word_1_34' title='bbox 889 975 968 1026; x_wconf 91' lang='lat' dir='ltr'><strong>non</strong></span> <span class='ocrx_word' id='word_1_35' title='bbox 989 955 1127 1055; x_wconf 89' lang='lat' dir='ltr'><strong>potuit,</strong></span> <span class='ocrx_word' id='word_1_36' title='bbox 1152 955 1226 1027; x_wconf 88' lang='lat' dir='ltr'><strong>nisi</strong></span> <span class='ocrx_word' id='word_1_37' title='bbox 1248 976 1348 1028; x_wconf 89' lang='lat' dir='ltr'><strong>anno</strong></span> <span class='ocrx_word' id='word_1_38' title='bbox 1371 957 1467 1026; x_wconf 74' lang='lat'>1104</span> <span class='ocrx_word' id='word_1_39' title='bbox 1483 977 1516 1028; x_wconf 83' lang='lat' dir='ltr'><strong>a.</strong></span> <span class='ocrx_word' id='word_1_40' title='bbox 1534 953 1599 1028; x_wconf 90' lang='lat' dir='ltr'><strong>Ch.</strong></span> <span class='ocrx_word' id='word_1_41' title='bbox 1621 953 1705 1030; x_wconf 84' lang='lat' dir='ltr'><strong>lan.</strong></span> <span class='ocrx_word' id='word_1_42' title='bbox 1725 961 1756 1030; x_wconf 88' lang='grc'><strong>8.</strong></span> <span class='ocrx_word' id='word_1_43' title='bbox 1780 955 1875 1040; x_wconf 84' lang='lat' dir='ltr'><strong>hora</strong></span> <span class='ocrx_word' id='word_1_44' title='bbox 1889 959 1913 1036; x_wconf 86' lang='grc'><strong>0</strong></span> <span class='ocrx_word' id='word_1_45' title='bbox 1929 979 1966 1056; x_wconf 88' lang='lat' dir='ltr'><strong>p.</strong></span> <span class='ocrx_word' id='word_1_46' title='bbox 1981 979 2033 1032; x_wconf 82' lang='lat' dir='ltr'><strong>m.</strong></span> 
     </span>
    </p>

    <p class='ocr_par' dir='ltr' id='par_1_3' title="bbox 190 1087 2121 1620">
     <span class='ocr_line' id='line_1_5' title="bbox 294 1087 2121 1192; baseline -0.011 -19"><span class='ocrx_word' id='word_1_47' title='bbox 294 1095 416 1172; x_wconf 86' lang='lat' dir='ltr'><strong>blulta</strong></span> <span class='ocrx_word' id='word_1_48' title='bbox 440 1101 530 1170; x_wconf 86' lang='lat' dir='ltr'><strong>runt</strong></span> <span class='ocrx_word' id='word_1_49' title='bbox 552 1101 594 1164; x_wconf 90' lang='lat' dir='ltr'><strong>et</strong></span> <span class='ocrx_word' id='word_1_50' title='bbox 619 1092 773 1186; x_wconf 66' lang='lat' dir='ltr'><strong>mania,</strong></span> <span class='ocrx_word' id='word_1_51' title='bbox 798 1109 896 1188; x_wconf 83' lang='lat' dir='ltr'><strong>quae</strong></span> <span class='ocrx_word' id='word_1_52' title='bbox 916 1111 987 1186; x_wconf 90' lang='lat' dir='ltr'><strong>pro</strong></span> <span class='ocrx_word' id='word_1_53' title='bbox 1014 1109 1117 1166; x_wconf 88' lang='lat' dir='ltr'><strong>noua</strong></span> <span class='ocrx_word' id='word_1_54' title='bbox 1138 1087 1210 1168; x_wconf 86' lang='lat' dir='ltr'><strong>bac</strong></span> <span class='ocrx_word' id='word_1_55' title='bbox 1232 1087 1518 1185; x_wconf 80' lang='lat' dir='ltr'><strong>inscriptionum</strong></span> <span class='ocrx_word' id='word_1_56' title='bbox 1539 1090 1853 1188; x_wconf 76' lang='lat' dir='ltr'><strong>interpretatione</strong></span> <span class='ocrx_word' id='word_1_57' title='bbox 1878 1091 2034 1192; x_wconf 73' lang='lat' dir='ltr'><strong>mquan.</strong></span> <span class='ocrx_word' id='word_1_58' title='bbox 2120 1149 2121 1152; x_wconf 14' lang='lat' dir='ltr'><strong>r</strong></span> 
     </span>
     <span class='ocr_line' id='line_1_6' title="bbox 193 1221 2035 1328; baseline 0.001 -21"><span class='ocrx_word' id='word_1_59' title='bbox 193 1246 264 1307; x_wconf 84' lang='lat' dir='ltr'><strong>tor.</strong></span> <span class='ocrx_word' id='word_1_60' title='bbox 314 1231 441 1308; x_wconf 81' lang='lat' dir='ltr'><strong>Prinm</strong></span> <span class='ocrx_word' id='word_1_61' title='bbox 467 1227 622 1328; x_wconf 85' lang='lat' dir='ltr'><strong>quidem</strong></span> <span class='ocrx_word' id='word_1_62' title='bbox 643 1225 758 1306; x_wconf 85' lang='lat' dir='ltr'><strong>huius</strong></span> <span class='ocrx_word' id='word_1_63' title='bbox 784 1226 932 1328; x_wconf 67' lang='lat' dir='ltr'><strong>renuis</strong></span> <span class='ocrx_word' id='word_1_64' title='bbox 958 1235 1217 1314; x_wconf 80' lang='lat' dir='ltr'><strong>monumenta,</strong></span> <span class='ocrx_word' id='word_1_65' title='bbox 1235 1245 1351 1324; x_wconf 87' lang='lat' dir='ltr'><strong>quum</strong></span> <span class='ocrx_word' id='word_1_66' title='bbox 1375 1221 1451 1303; x_wconf 86' lang='lat' dir='ltr'><strong>alia</strong></span> <span class='ocrx_word' id='word_1_67' title='bbox 1474 1225 1623 1308; x_wconf 78' lang='lat' dir='ltr'><strong>scaone</strong></span> <span class='ocrx_word' id='word_1_68' title='bbox 1641 1246 1759 1324; x_wconf 82' lang='lat' dir='ltr'><strong>quam</strong></span> <span class='ocrx_word' id='word_1_69' title='bbox 1780 1229 2035 1317; x_wconf 66' lang='lat' dir='ltr'><strong>astronomica</strong></span> 
     </span>
     <span class='ocr_line' id='line_1_7' title="bbox 192 1354 2035 1468; baseline -0.004 -27"><span class='ocrx_word' id='word_1_70' title='bbox 192 1367 452 1468; x_wconf 69' lang='lat' dir='ltr'><strong>explicantur,</strong></span> <span class='ocrx_word' id='word_1_71' title='bbox 477 1373 546 1441; x_wconf 88' lang='lat' dir='ltr'><strong>ant</strong></span> <span class='ocrx_word' id='word_1_72' title='bbox 570 1359 716 1445; x_wconf 85' lang='lat' dir='ltr'><strong>nullum</strong></span> <span class='ocrx_word' id='word_1_73' title='bbox 739 1381 914 1450; x_wconf 66' lang='lat' dir='ltr'><strong>seusam,</strong></span> <span class='ocrx_word' id='word_1_74' title='bbox 938 1369 1026 1450; x_wconf 80' lang='lat' dir='ltr'><strong>aut,</strong></span> <span class='ocrx_word' id='word_1_75' title='bbox 1060 1372 1105 1442; x_wconf 84' lang='lat' dir='ltr'><strong>vt</strong></span> <span class='ocrx_word' id='word_1_76' title='bbox 1128 1359 1367 1458; x_wconf 72' lang='lat' dir='ltr'><strong>experientia</strong></span> <span class='ocrx_word' id='word_1_77' title='bbox 1388 1354 1538 1448; x_wconf 86' lang='lat' dir='ltr'><strong>docuit,</strong></span> <span class='ocrx_word' id='word_1_78' title='bbox 1565 1360 1738 1458; x_wconf 88' lang='lat' dir='ltr'><strong>ineptum</strong></span> <span class='ocrx_word' id='word_1_79' title='bbox 1763 1383 1808 1440; x_wconf 84' lang='lat' dir='ltr'><strong>ae</strong></span> <span class='ocrx_word' id='word_1_80' title='bbox 1833 1361 2035 1450; x_wconf 77' lang='lat' dir='ltr'><strong>ridiculum</strong></span> 
     </span>
     <span class='ocr_line' id='line_1_8' title="bbox 190 1493 2035 1620; baseline 0 -44"><span class='ocrx_word' id='word_1_81' title='bbox 190 1501 387 1602; x_wconf 72' lang='lat' dir='ltr'><strong>prebeat</strong></span> <span class='ocrx_word' id='word_1_82' title='bbox 436 1501 505 1576; x_wconf 80' lang='lat' dir='ltr'><strong>Sin</strong></span> <span class='ocrx_word' id='word_1_83' title='bbox 525 1495 711 1576; x_wconf 76' lang='lat' dir='ltr'><strong>zodiacon</strong></span> <span class='ocrx_word' id='word_1_84' title='bbox 737 1493 1013 1592; x_wconf 69' lang='lat' dir='ltr'><strong>Taraunites,</strong></span> <span class='ocrx_word' id='word_1_85' title='bbox 1029 1493 1261 1592; x_wconf 70' lang='lat' dir='ltr'><strong>omophori</strong></span> <span class='ocrx_word' id='word_1_86' title='bbox 1278 1493 1428 1574; x_wconf 76' lang='lat' dir='ltr'><strong>aanor</strong></span> <span class='ocrx_word' id='word_1_87' title='bbox 1450 1505 1491 1572; x_wconf 86' lang='lat' dir='ltr'><strong>ct</strong></span> <span class='ocrx_word' id='word_1_88' title='bbox 1510 1494 1639 1586; x_wconf 81' lang='lat' dir='ltr'><strong>sethi,</strong></span> <span class='ocrx_word' id='word_1_89' title='bbox 1664 1495 1896 1620; x_wconf 69' lang='lat' dir='ltr'><strong>monolithus</strong></span> <span class='ocrx_word' id='word_1_90' title='bbox 1917 1497 2035 1579; x_wconf 74' lang='lat' dir='ltr'><strong>arro</strong></span> 
     </span>
    </p>
   </div>
   <div class='ocr_carea' id='block_1_3' title="bbox 39 1628 2187 1738">
    <p class='ocr_par' dir='ltr' id='par_1_4' title="bbox 39 1628 2187 1738">
     <span class='ocr_line' id='line_1_9' title="bbox 39 1628 2187 1738; baseline 0.015 -32"><span class='ocrx_word' id='word_1_91' title='bbox 39 1667 53 1686; x_wconf 39' lang='grc' dir='ltr'>κ</span> <span class='ocrx_word' id='word_1_92' title='bbox 189 1639 260 1726; x_wconf 87' lang='lat' dir='ltr'><strong>rn,</strong></span> <span class='ocrx_word' id='word_1_93' title='bbox 282 1635 429 1712; x_wconf 68' lang='lat' dir='ltr'><strong>uana</strong></span> <span class='ocrx_word' id='word_1_94' title='bbox 452 1632 655 1723; x_wconf 70' lang='lat' dir='ltr'><strong>armna,</strong></span> <span class='ocrx_word' id='word_1_95' title='bbox 680 1628 1124 1730; x_wconf 76' lang='lat' dir='ltr'><strong>rrpyruru’flrrmcnor</strong></span> <span class='ocrx_word' id='word_1_96' title='bbox 1149 1631 1293 1728; x_wconf 75' lang='lat' dir='ltr'><strong>potor</strong></span> <span class='ocrx_word' id='word_1_97' title='bbox 1316 1639 1430 1726; x_wconf 69' lang='lat' dir='ltr'><strong>mous</strong></span> <span class='ocrx_word' id='word_1_98' title='bbox 1451 1629 1549 1711; x_wconf 72' lang='lat' dir='ltr'><strong>atrro</strong></span> <span class='ocrx_word' id='word_1_99' title='bbox 1570 1629 1683 1713; x_wconf 72' lang='lat' dir='ltr'><strong>amus</strong></span> <span class='ocrx_word' id='word_1_100' title='bbox 1704 1637 1855 1728; x_wconf 75' lang='lat' dir='ltr'><strong>renuis</strong></span> <span class='ocrx_word' id='word_1_101' title='bbox 1877 1633 2036 1736; x_wconf 70' lang='lat' dir='ltr'><strong>accep</strong></span> <span class='ocrx_word' id='word_1_102' title='bbox 2180 1725 2187 1738; x_wconf 89' lang='lat'><strong>.</strong></span> 
     </span>
    </p>
   </div>
   <div class='ocr_carea' id='block_1_4' title="bbox 142 1768 2038 5364">
    <p class='ocr_par' dir='ltr' id='par_1_5' title="bbox 142 1768 2038 3750">
     <span class='ocr_line' id='line_1_10' title="bbox 189 1768 2034 1870; baseline -0.002 -27"><span class='ocrx_word' id='word_1_103' title='bbox 189 1771 316 1846; x_wconf 88' lang='lat' dir='ltr'><strong>tiones</strong></span> <span class='ocrx_word' id='word_1_104' title='bbox 349 1768 401 1846; x_wconf 90' lang='lat' dir='ltr'><strong>ad</strong></span> <span class='ocrx_word' id='word_1_105' title='bbox 432 1769 707 1846; x_wconf 77' lang='lat' dir='ltr'><strong>astronomiam</strong></span> <span class='ocrx_word' id='word_1_106' title='bbox 738 1768 935 1866; x_wconf 86' lang='lat' dir='ltr'><strong>antiquam</strong></span> <span class='ocrx_word' id='word_1_107' title='bbox 962 1775 1188 1843; x_wconf 91' lang='lat' dir='ltr'><strong>reuocantur</strong></span> <span class='ocrx_word' id='word_1_108' title='bbox 1223 1778 1336 1862; x_wconf 88' lang='lat' dir='ltr'><strong>atque</strong></span> <span class='ocrx_word' id='word_1_109' title='bbox 1368 1773 1563 1840; x_wconf 88' lang='lat' dir='ltr'><strong>constante</strong></span> <span class='ocrx_word' id='word_1_110' title='bbox 1599 1777 1638 1845; x_wconf 91' lang='lat' dir='ltr'><strong>et</strong></span> <span class='ocrx_word' id='word_1_111' title='bbox 1670 1769 1860 1870; x_wconf 75' lang='lat' dir='ltr'><strong>aequabili</strong></span> <span class='ocrx_word' id='word_1_112' title='bbox 1885 1769 2034 1850; x_wconf 85' lang='lat' dir='ltr'><strong>ratione</strong></span> 
     </span>
     <span class='ocr_line' id='line_1_11' title="bbox 189 1900 2037 2004; baseline 0.001 -29"><span class='ocrx_word' id='word_1_113' title='bbox 189 1900 434 2004; x_wconf 77' lang='lat' dir='ltr'><strong>explicanmr</strong></span> <span class='ocrx_word' id='word_1_114' title='bbox 466 1903 676 1986; x_wconf 62' lang='lat' dir='ltr'><strong>”mnrium</strong></span> <span class='ocrx_word' id='word_1_115' title='bbox 709 1904 854 1982; x_wconf 79' lang='lat' dir='ltr'><strong>incrta</strong></span> <span class='ocrx_word' id='word_1_116' title='bbox 882 1911 1058 1980; x_wconf 87' lang='lat' dir='ltr'><strong>vetorum</strong></span> <span class='ocrx_word' id='word_1_117' title='bbox 1087 1901 1325 1985; x_wconf 73' lang='lat' dir='ltr'><strong>ceremonias</strong></span> <span class='ocrx_word' id='word_1_118' title='bbox 1371 1910 1452 1979; x_wconf 85' lang='lat' dir='ltr'><strong>tarn</strong></span> <span class='ocrx_word' id='word_1_119' title='bbox 1481 1901 1579 1982; x_wconf 85' lang='lat' dir='ltr'><strong>tales</strong></span> <span class='ocrx_word' id='word_1_120' title='bbox 1599 1904 1903 1984; x_wconf 75' lang='lat' dir='ltr'><strong>mnmcllatinuss</strong></span> <span class='ocrx_word' id='word_1_121' title='bbox 1927 1902 2037 1983; x_wconf 88' lang='lat' dir='ltr'><strong>inue-</strong></span> 
     </span>
     <span class='ocr_line' id='line_1_12' title="bbox 187 2027 2035 2135; baseline 0.004 -24"><span class='ocrx_word' id='word_1_122' title='bbox 187 2039 368 2125; x_wconf 84' lang='lat' dir='ltr'><strong>niuntur,</strong></span> <span class='ocrx_word' id='word_1_123' title='bbox 403 2055 500 2134; x_wconf 85' lang='lat' dir='ltr'><strong>qnae</strong></span> <span class='ocrx_word' id='word_1_124' title='bbox 525 2033 672 2131; x_wconf 74' lang='lat' dir='ltr'><strong>legibus</strong></span> <span class='ocrx_word' id='word_1_125' title='bbox 705 2029 985 2117; x_wconf 76' lang='lat' dir='ltr'><strong>astronomiae,</strong></span> <span class='ocrx_word' id='word_1_126' title='bbox 1020 2031 1234 2135; x_wconf 72' lang='lat' dir='ltr'><strong>praereptis</strong></span> <span class='ocrx_word' id='word_1_127' title='bbox 1263 2027 1526 2126; x_wconf 68' lang='lat' dir='ltr'><strong>chronologiae</strong></span> <span class='ocrx_word' id='word_1_128' title='bbox 1549 2047 1664 2131; x_wconf 84' lang='lat' dir='ltr'><strong>atque</strong></span> <span class='ocrx_word' id='word_1_129' title='bbox 1692 2041 1831 2120; x_wconf 85' lang='lat' dir='ltr'><strong>artium</strong></span> <span class='ocrx_word' id='word_1_130' title='bbox 1853 2037 2035 2119; x_wconf 72' lang='lat' dir='ltr'><strong>historiae</strong></span> 
     </span>
     <span class='ocr_line' id='line_1_13' title="bbox 189 2165 2036 2270; baseline -0.001 -26"><span class='ocrx_word' id='word_1_131' title='bbox 189 2169 456 2268; x_wconf 69' lang='lat' dir='ltr'><strong>respondeant.</strong></span> <span class='ocrx_word' id='word_1_132' title='bbox 505 2166 692 2268; x_wconf 87' lang='lat' dir='ltr'><strong>Nmpiam</strong></span> <span class='ocrx_word' id='word_1_133' title='bbox 725 2165 884 2255; x_wconf 78' lang='lat' dir='ltr'><strong>accidit,</strong></span> <span class='ocrx_word' id='word_1_134' title='bbox 925 2176 970 2243; x_wconf 90' lang='lat' dir='ltr'><strong>vt</strong></span> <span class='ocrx_word' id='word_1_135' title='bbox 1002 2179 1026 2262; x_wconf 63' lang='lat' dir='ltr'><strong>t</strong></span> <span class='ocrx_word' id='word_1_136' title='bbox 1058 2176 1099 2238; x_wconf 88' lang='lat' dir='ltr'><strong>ct</strong></span> <span class='ocrx_word' id='word_1_137' title='bbox 1122 2170 1150 2252; x_wconf 73' lang='lat'><em>2</em></span> <span class='ocrx_word' id='word_1_138' title='bbox 1175 2165 1323 2260; x_wconf 78' lang='lat' dir='ltr'><strong>longius</strong></span> <span class='ocrx_word' id='word_1_139' title='bbox 1349 2185 1373 2247; x_wconf 86' lang='lat' dir='ltr'><strong>a</strong></span> <span class='ocrx_word' id='word_1_140' title='bbox 1396 2181 1433 2252; x_wconf 73' lang='grc' dir='ltr'><strong>ω</strong></span> <span class='ocrx_word' id='word_1_141' title='bbox 1457 2168 1733 2264; x_wconf 83' lang='lat' dir='ltr'><strong>reperirentur,</strong></span> <span class='ocrx_word' id='word_1_142' title='bbox 1776 2195 1892 2270; x_wconf 63' lang='lat' dir='ltr'><strong>quam</strong></span> <span class='ocrx_word' id='word_1_143' title='bbox 1914 2172 1964 2255; x_wconf 73' lang='lat' dir='ltr'><strong>ab</strong></span> <span class='ocrx_word' id='word_1_144' title='bbox 1989 2191 2036 2259; x_wconf 78' lang='lat' dir='ltr'><strong>so</strong></span> 
     </span>
     <span class='ocr_line' id='line_1_14' title="bbox 189 2299 2036 2410; baseline 0.002 -29"><span class='ocrx_word' id='word_1_145' title='bbox 189 2305 336 2382; x_wconf 75' lang='lat' dir='ltr'><strong>unare</strong></span> <span class='ocrx_word' id='word_1_146' title='bbox 356 2312 534 2403; x_wconf 88' lang='lat' dir='ltr'><strong>possent,</strong></span> <span class='ocrx_word' id='word_1_147' title='bbox 559 2315 606 2382; x_wconf 84' lang='lat' dir='ltr'><strong>vt</strong></span> <span class='ocrx_word' id='word_1_148' title='bbox 633 2314 759 2399; x_wconf 70' lang='grc'><strong>004</strong></span> <span class='ocrx_word' id='word_1_149' title='bbox 784 2301 919 2381; x_wconf 83' lang='lat' dir='ltr'><strong>directi</strong></span> <span class='ocrx_word' id='word_1_150' title='bbox 942 2311 1082 2389; x_wconf 81' lang='lat' dir='ltr'><strong>esseut,</strong></span> <span class='ocrx_word' id='word_1_151' title='bbox 1106 2299 1174 2382; x_wconf 81' lang='lat' dir='ltr'><strong>vbi</strong></span> <span class='ocrx_word' id='word_1_152' title='bbox 1202 2301 1416 2397; x_wconf 76' lang='lat' dir='ltr'><strong>retrogradi</strong></span> <span class='ocrx_word' id='word_1_153' title='bbox 1440 2316 1691 2410; x_wconf 79' lang='lat' dir='ltr'><strong>cernerentur.</strong></span> <span class='ocrx_word' id='word_1_154' title='bbox 1741 2306 2036 2396; x_wconf 72' lang='lat' dir='ltr'><strong>omousianos</strong></span> 
     </span>
     <span class='ocr_line' id='line_1_15' title="bbox 190 2435 2038 2544; baseline 0.002 -26"><span class='ocrx_word' id='word_1_155' title='bbox 190 2443 374 2518; x_wconf 69' lang='lat' dir='ltr'><strong>menae</strong></span> <span class='ocrx_word' id='word_1_156' title='bbox 395 2461 474 2514; x_wconf 90' lang='lat' dir='ltr'><strong>non</strong></span> <span class='ocrx_word' id='word_1_157' title='bbox 498 2439 692 2539; x_wconf 83' lang='lat' dir='ltr'><strong>pertinent</strong></span> <span class='ocrx_word' id='word_1_158' title='bbox 717 2439 769 2518; x_wconf 89' lang='lat' dir='ltr'><strong>ad</strong></span> <span class='ocrx_word' id='word_1_159' title='bbox 789 2435 953 2536; x_wconf 85' lang='lat' dir='ltr'><strong>epochas</strong></span> <span class='ocrx_word' id='word_1_160' title='bbox 969 2451 1082 2516; x_wconf 81' lang='lat' dir='ltr'><strong>extra</strong></span> <span class='ocrx_word' id='word_1_161' title='bbox 1105 2436 1303 2518; x_wconf 70' lang='lat' dir='ltr'><strong>historiam</strong></span> <span class='ocrx_word' id='word_1_162' title='bbox 1325 2439 1486 2536; x_wconf 84' lang='lat' dir='ltr'><strong>positas,</strong></span> <span class='ocrx_word' id='word_1_163' title='bbox 1506 2437 1577 2514; x_wconf 88' lang='lat' dir='ltr'><strong>sed</strong></span> <span class='ocrx_word' id='word_1_164' title='bbox 1602 2464 1650 2519; x_wconf 89' lang='lat' dir='ltr'><strong>ea</strong></span> <span class='ocrx_word' id='word_1_165' title='bbox 1673 2441 1724 2518; x_wconf 88' lang='lat' dir='ltr'><strong>ad</strong></span> <span class='ocrx_word' id='word_1_166' title='bbox 1750 2455 1935 2543; x_wconf 84' lang='lat' dir='ltr'><strong>tempora,</strong></span> <span class='ocrx_word' id='word_1_167' title='bbox 1957 2442 2038 2544; x_wconf 69' lang='lat' dir='ltr'><strong>quir</strong></span> 
     </span>
     <span class='ocr_line' id='line_1_16' title="bbox 186 2572 2037 2675; baseline 0.002 -24"><span class='ocrx_word' id='word_1_168' title='bbox 186 2577 263 2651; x_wconf 85' lang='lat' dir='ltr'><strong>bus</strong></span> <span class='ocrx_word' id='word_1_169' title='bbox 286 2576 451 2652; x_wconf 87' lang='lat' dir='ltr'><strong>describi</strong></span> <span class='ocrx_word' id='word_1_170' title='bbox 478 2585 638 2675; x_wconf 83' lang='lat' dir='ltr'><strong>possent</strong></span> <span class='ocrx_word' id='word_1_171' title='bbox 660 2597 706 2652; x_wconf 89' lang='lat' dir='ltr'><strong>ac</strong></span> <span class='ocrx_word' id='word_1_172' title='bbox 732 2574 926 2654; x_wconf 76' lang='lat' dir='ltr'><strong>deberem</strong></span> <span class='ocrx_word' id='word_1_173' title='bbox 977 2572 1182 2652; x_wconf 88' lang='lat' dir='ltr'><strong>lnterualla</strong></span> <span class='ocrx_word' id='word_1_174' title='bbox 1209 2573 1310 2652; x_wconf 87' lang='lat' dir='ltr'><strong>inter</strong></span> <span class='ocrx_word' id='word_1_175' title='bbox 1336 2573 1444 2656; x_wconf 85' lang='lat' dir='ltr'><strong>binas</strong></span> <span class='ocrx_word' id='word_1_176' title='bbox 1471 2585 1672 2672; x_wconf 80' lang='lat' dir='ltr'><strong>ternasque</strong></span> <span class='ocrx_word' id='word_1_177' title='bbox 1696 2580 1919 2655; x_wconf 85' lang='lat' dir='ltr'><strong>natiuitates</strong></span> <span class='ocrx_word' id='word_1_178' title='bbox 1943 2578 2037 2658; x_wconf 68' lang='lat' dir='ltr'><strong>inca</strong></span> 
     </span>
     <span class='ocr_line' id='line_1_17' title="bbox 188 2705 2036 2808; baseline -0.003 -20"><span class='ocrx_word' id='word_1_179' title='bbox 188 2711 587 2800; x_wconf 70' lang='lat' dir='ltr'><strong>dominumtuum,</strong></span> <span class='ocrx_word' id='word_1_180' title='bbox 621 2722 762 2808; x_wconf 88' lang='lat' dir='ltr'><strong>quanta</strong></span> <span class='ocrx_word' id='word_1_181' title='bbox 785 2710 834 2788; x_wconf 91' lang='lat' dir='ltr'><strong>ab</strong></span> <span class='ocrx_word' id='word_1_182' title='bbox 858 2710 1050 2788; x_wconf 73' lang='lat' dir='ltr'><strong>historicis</strong></span> <span class='ocrx_word' id='word_1_183' title='bbox 1078 2707 1272 2786; x_wconf 86' lang='lat' dir='ltr'><strong>veteribus</strong></span> <span class='ocrx_word' id='word_1_184' title='bbox 1300 2705 1510 2783; x_wconf 86' lang='lat' dir='ltr'><strong>traduntur.</strong></span> <span class='ocrx_word' id='word_1_185' title='bbox 1562 2707 1676 2780; x_wconf 85' lang='lat' dir='ltr'><strong>Varia</strong></span> <span class='ocrx_word' id='word_1_186' title='bbox 1700 2721 1947 2792; x_wconf 84' lang='lat' dir='ltr'><strong>monumenta</strong></span> <span class='ocrx_word' id='word_1_187' title='bbox 1971 2731 2036 2790; x_wconf 84' lang='lat' dir='ltr'><strong>ear</strong></span> 
     </span>
     <span class='ocr_line' id='line_1_18' title="bbox 185 2836 2036 2948; baseline -0.001 -26"><span class='ocrx_word' id='word_1_188' title='bbox 185 2845 363 2922; x_wconf 78' lang='lat' dir='ltr'><strong>indicant</strong></span> <span class='ocrx_word' id='word_1_189' title='bbox 386 2855 544 2937; x_wconf 86' lang='lat' dir='ltr'><strong>aetates,</strong></span> <span class='ocrx_word' id='word_1_190' title='bbox 566 2845 701 2948; x_wconf 89' lang='lat' dir='ltr'><strong>quibus</strong></span> <span class='ocrx_word' id='word_1_191' title='bbox 728 2843 935 2922; x_wconf 86' lang='lat' dir='ltr'><strong>secundum</strong></span> <span class='ocrx_word' id='word_1_192' title='bbox 958 2845 1097 2920; x_wconf 87' lang='lat' dir='ltr'><strong>artium</strong></span> <span class='ocrx_word' id='word_1_193' title='bbox 1119 2841 1316 2914; x_wconf 84' lang='lat' dir='ltr'><strong>historiam</strong></span> <span class='ocrx_word' id='word_1_194' title='bbox 1339 2840 1433 2916; x_wconf 90' lang='lat' dir='ltr'><strong>oriri</strong></span> <span class='ocrx_word' id='word_1_195' title='bbox 1453 2836 1675 2933; x_wconf 86' lang='lat' dir='ltr'><strong>debuerunt,</strong></span> <span class='ocrx_word' id='word_1_196' title='bbox 1694 2853 1739 2924; x_wconf 85' lang='lat' dir='ltr'><strong>vt</strong></span> <span class='ocrx_word' id='word_1_197' title='bbox 1760 2840 1907 2920; x_wconf 83' lang='lat' dir='ltr'><strong>Tabula</strong></span> <span class='ocrx_word' id='word_1_198' title='bbox 1926 2843 2036 2921; x_wconf 78' lang='lat' dir='ltr'><strong>uerr-</strong></span> 
     </span>
     <span class='ocr_line' id='line_1_19' title="bbox 188 2972 2033 3078; baseline -0.003 -20"><span class='ocrx_word' id='word_1_199' title='bbox 188 2982 303 3071; x_wconf 89' lang='lat' dir='ltr'><strong>bina,</strong></span> <span class='ocrx_word' id='word_1_200' title='bbox 336 2981 567 3056; x_wconf 88' lang='lat' dir='ltr'><strong>Monolithus</strong></span> <span class='ocrx_word' id='word_1_201' title='bbox 598 2980 765 3070; x_wconf 74' lang='lat' dir='ltr'><strong>rimosis,</strong></span> <span class='ocrx_word' id='word_1_202' title='bbox 796 2992 933 3052; x_wconf 89' lang='lat' dir='ltr'><strong>cetera.</strong></span> <span class='ocrx_word' id='word_1_203' title='bbox 990 2975 1095 3051; x_wconf 91' lang='lat' dir='ltr'><strong>Loca</strong></span> <span class='ocrx_word' id='word_1_204' title='bbox 1122 2972 1360 3070; x_wconf 82' lang='lat' dir='ltr'><strong>planetarum</strong></span> <span class='ocrx_word' id='word_1_205' title='bbox 1390 2973 1598 3078; x_wconf 85' lang='lat' dir='ltr'><strong>antiquitus</strong></span> <span class='ocrx_word' id='word_1_206' title='bbox 1627 2973 1830 3058; x_wconf 86' lang='lat' dir='ltr'><strong>obseruata</strong></span> <span class='ocrx_word' id='word_1_207' title='bbox 1860 2990 2033 3061; x_wconf 81' lang='lat' dir='ltr'><strong>accurate</strong></span> 
     </span>
     <span class='ocr_line' id='line_1_20' title="bbox 142 3104 2034 3212; baseline -0.002 -19"><span class='ocrx_word' id='word_1_208' title='bbox 142 3139 152 3158; x_wconf 64' lang='lat'><strong><em>⁹</em></strong></span> <span class='ocrx_word' id='word_1_209' title='bbox 185 3117 526 3194; x_wconf 72' lang='lat' dir='ltr'><strong>commonacum</strong></span> <span class='ocrx_word' id='word_1_210' title='bbox 542 3111 887 3212; x_wconf 88' lang='lat' dir='ltr'><strong>computationibus</strong></span> <span class='ocrx_word' id='word_1_211' title='bbox 909 3107 1167 3188; x_wconf 76' lang='lat' dir='ltr'><strong>subtilioribus</strong></span> <span class='ocrx_word' id='word_1_212' title='bbox 1181 3113 1294 3202; x_wconf 81' lang='lat' dir='ltr'><strong>utque</strong></span> <span class='ocrx_word' id='word_1_213' title='bbox 1313 3104 1591 3202; x_wconf 78' lang='lat' dir='ltr'><strong>discrepantiae</strong></span> <span class='ocrx_word' id='word_1_214' title='bbox 1608 3109 1798 3206; x_wconf 85' lang='lat' dir='ltr'><strong>quaedem</strong></span> <span class='ocrx_word' id='word_1_215' title='bbox 1816 3125 2034 3191; x_wconf 84' lang='lat' dir='ltr'><strong>constames</strong></span> 
     </span>
     <span class='ocr_line' id='line_1_21' title="bbox 186 3237 2036 3348; baseline 0.003 -25"><span class='ocrx_word' id='word_1_216' title='bbox 186 3251 426 3348; x_wconf 83' lang='lat' dir='ltr'><strong>respendent</strong></span> <span class='ocrx_word' id='word_1_217' title='bbox 456 3245 602 3342; x_wconf 75' lang='lat' dir='ltr'><strong>legibus</strong></span> <span class='ocrx_word' id='word_1_218' title='bbox 634 3245 874 3344; x_wconf 83' lang='lat' dir='ltr'><strong>planetarum</strong></span> <span class='ocrx_word' id='word_1_219' title='bbox 907 3237 1005 3316; x_wconf 89' lang='lat' dir='ltr'><strong>adeo</strong></span> <span class='ocrx_word' id='word_1_220' title='bbox 1031 3239 1311 3330; x_wconf 82' lang='lat' dir='ltr'><strong>subtilioribus,</strong></span> <span class='ocrx_word' id='word_1_221' title='bbox 1350 3241 1494 3319; x_wconf 81' lang='lat' dir='ltr'><strong>scilicet</strong></span> <span class='ocrx_word' id='word_1_222' title='bbox 1522 3241 1800 3322; x_wconf 86' lang='lat' dir='ltr'><strong>turbationibus</strong></span> <span class='ocrx_word' id='word_1_223' title='bbox 1822 3249 2036 3346; x_wconf 83' lang='lat' dir='ltr'><strong>periodicir.</strong></span> 
     </span>
     <span class='ocr_line' id='line_1_22' title="bbox 186 3373 2037 3480; baseline 0.003 -22"><span class='ocrx_word' id='word_1_224' title='bbox 186 3387 323 3480; x_wconf 81' lang='lat' dir='ltr'><strong>ltaque</strong></span> <span class='ocrx_word' id='word_1_225' title='bbox 355 3380 585 3479; x_wconf 87' lang='lat' dir='ltr'><strong>sperandum</strong></span> <span class='ocrx_word' id='word_1_226' title='bbox 614 3381 716 3466; x_wconf 84' lang='lat' dir='ltr'><strong>iore,</strong></span> <span class='ocrx_word' id='word_1_227' title='bbox 749 3387 794 3454; x_wconf 89' lang='lat' dir='ltr'><strong>vt</strong></span> <span class='ocrx_word' id='word_1_228' title='bbox 823 3375 923 3454; x_wconf 87' lang='lat' dir='ltr'><strong>aliae</strong></span> <span class='ocrx_word' id='word_1_229' title='bbox 954 3373 1220 3473; x_wconf 85' lang='lat' dir='ltr'><strong>inscriptiones</strong></span> <span class='ocrx_word' id='word_1_230' title='bbox 1250 3378 1544 3468; x_wconf 81' lang='lat' dir='ltr'><strong>astronomicae,</strong></span> <span class='ocrx_word' id='word_1_231' title='bbox 1581 3376 1716 3474; x_wconf 84' lang='lat' dir='ltr'><strong>quibus</strong></span> <span class='ocrx_word' id='word_1_232' title='bbox 1749 3379 1884 3464; x_wconf 85' lang='lat' dir='ltr'><strong>Mursa</strong></span> <span class='ocrx_word' id='word_1_233' title='bbox 1906 3385 2037 3464; x_wconf 83' lang='lat' dir='ltr'><strong>omnia</strong></span> 
     </span>
     <span class='ocr_line' id='line_1_23' title="bbox 185 3510 2035 3616; baseline 0.003 -27"><span class='ocrx_word' id='word_1_234' title='bbox 185 3529 306 3616; x_wconf 73' lang='lat' dir='ltr'><strong>arque</strong></span> <span class='ocrx_word' id='word_1_235' title='bbox 330 3515 530 3610; x_wconf 75' lang='lat' dir='ltr'><strong>Aegyptos</strong></span> <span class='ocrx_word' id='word_1_236' title='bbox 553 3511 750 3594; x_wconf 70' lang='lat' dir='ltr'><strong>monam</strong></span> <span class='ocrx_word' id='word_1_237' title='bbox 780 3531 1014 3610; x_wconf 81' lang='lat' dir='ltr'><strong>quarumque</strong></span> <span class='ocrx_word' id='word_1_238' title='bbox 1038 3511 1284 3604; x_wconf 78' lang='lat' dir='ltr'><strong>grauissimas</strong></span> <span class='ocrx_word' id='word_1_239' title='bbox 1313 3511 1415 3596; x_wconf 77' lang='lat' dir='ltr'><strong>inira</strong></span> <span class='ocrx_word' id='word_1_240' title='bbox 1439 3510 1629 3603; x_wconf 86' lang='lat' dir='ltr'><strong>indicaui,</strong></span> <span class='ocrx_word' id='word_1_241' title='bbox 1656 3512 1818 3591; x_wconf 85' lang='lat' dir='ltr'><strong>subinde</strong></span> <span class='ocrx_word' id='word_1_242' title='bbox 1846 3518 1889 3595; x_wconf 87' lang='lat' dir='ltr'><strong>in</strong></span> <span class='ocrx_word' id='word_1_243' title='bbox 1913 3519 2035 3601; x_wconf 78' lang='lat' dir='ltr'><strong>vitem</strong></span> 
     </span>
     <span class='ocr_line' id='line_1_24' title="bbox 183 3647 600 3750; baseline -0.012 -24"><span class='ocrx_word' id='word_1_244' title='bbox 183 3673 378 3750; x_wconf 70' lang='lat' dir='ltr'><strong>reumque</strong></span> <span class='ocrx_word' id='word_1_245' title='bbox 400 3647 600 3745; x_wconf 83' lang='lat' dir='ltr'><strong>prodeant.</strong></span> 
     </span>
    </p>

    <p class='ocr_par' dir='ltr' id='par_1_6' title="bbox 184 3777 2038 5364">
     <span class='ocr_line' id='line_1_25' title="bbox 295 3777 2037 3881; baseline 0.002 -25"><span class='ocrx_word' id='word_1_246' title='bbox 295 3782 407 3876; x_wconf 74' lang='lat' dir='ltr'><strong>Quod</strong></span> <span class='ocrx_word' id='word_1_247' title='bbox 435 3780 597 3881; x_wconf 85' lang='lat' dir='ltr'><strong>denique</strong></span> <span class='ocrx_word' id='word_1_248' title='bbox 624 3779 1007 3880; x_wconf 66' lang='lat' dir='ltr'><strong>nemorosam.)</strong></span> <span class='ocrx_word' id='word_1_249' title='bbox 1035 3783 1191 3871; x_wconf 85' lang='lat' dir='ltr'><strong>attinet,</strong></span> <span class='ocrx_word' id='word_1_250' title='bbox 1229 3781 1271 3856; x_wconf 89' lang='lat' dir='ltr'><strong>in</strong></span> <span class='ocrx_word' id='word_1_251' title='bbox 1295 3803 1342 3854; x_wconf 89' lang='lat' dir='ltr'><strong>eo</strong></span> <span class='ocrx_word' id='word_1_252' title='bbox 1368 3777 1578 3880; x_wconf 77' lang='lat' dir='ltr'><strong>dispositae</strong></span> <span class='ocrx_word' id='word_1_253' title='bbox 1605 3795 1693 3860; x_wconf 89' lang='lat' dir='ltr'><strong>runt</strong></span> <span class='ocrx_word' id='word_1_254' title='bbox 1723 3784 1864 3881; x_wconf 77' lang='lat' dir='ltr'><strong>figurae</strong></span> <span class='ocrx_word' id='word_1_255' title='bbox 1887 3785 2037 3879; x_wconf 88' lang='lat' dir='ltr'><strong>mytho-</strong></span> 
     </span>
     <span class='ocr_line' id='line_1_26' title="bbox 186 3913 2038 4018; baseline 0.001 -22"><span class='ocrx_word' id='word_1_256' title='bbox 186 3919 623 4018; x_wconf 73' lang='lat' dir='ltr'><strong>logice-astronomicas</strong></span> <span class='ocrx_word' id='word_1_257' title='bbox 644 3913 875 3998; x_wconf 76' lang='lat' dir='ltr'><strong>Tabularum</strong></span> <span class='ocrx_word' id='word_1_258' title='bbox 895 3915 1195 4016; x_wconf 55' lang='grc' dir='ltr'><strong>(ΙΙ-11080103</strong></span> <span class='ocrx_word' id='word_1_259' title='bbox 1219 3916 1435 4014; x_wconf 84' lang='lat' dir='ltr'><strong>explicitae.</strong></span> <span class='ocrx_word' id='word_1_260' title='bbox 1485 3915 1612 3993; x_wconf 73' lang='lat' dir='ltr'><strong>sectio</strong></span> <span class='ocrx_word' id='word_1_261' title='bbox 1630 3917 1657 3994; x_wconf 90' lang='lat'><strong>1.</strong></span> <span class='ocrx_word' id='word_1_262' title='bbox 1681 3923 1848 3999; x_wconf 76' lang='lat' dir='ltr'><strong>molinet</strong></span> <span class='ocrx_word' id='word_1_263' title='bbox 1863 3919 2038 4014; x_wconf 84' lang='lat' dir='ltr'><strong>symbola</strong></span> 
     </span>
     <span class='ocr_line' id='line_1_27' title="bbox 185 4047 2036 4158; baseline 0.001 -29"><span class='ocrx_word' id='word_1_264' title='bbox 185 4059 430 4158; x_wconf 74' lang='lat' dir='ltr'><strong>planetarum</strong></span> <span class='ocrx_word' id='word_1_265' title='bbox 457 4060 549 4144; x_wconf 75' lang='lat' dir='ltr'><strong>(to)</strong></span> <span class='ocrx_word' id='word_1_266' title='bbox 574 4059 731 4144; x_wconf 61' lang='grc'><strong>0200,</strong></span> <span class='ocrx_word' id='word_1_267' title='bbox 750 4053 798 4145; x_wconf 72' lang='lat' dir='ltr'><strong>b)</strong></span> <span class='ocrx_word' id='word_1_268' title='bbox 820 4071 1026 4150; x_wconf 65' lang='lat' dir='ltr'><strong>mumque</strong></span> <span class='ocrx_word' id='word_1_269' title='bbox 1051 4050 1335 4151; x_wconf 85' lang='lat' dir='ltr'><strong>possessionum</strong></span> <span class='ocrx_word' id='word_1_270' title='bbox 1365 4047 1637 4142; x_wconf 70' lang='lat' dir='ltr'><strong>collocabam,</strong></span> <span class='ocrx_word' id='word_1_271' title='bbox 1667 4057 1724 4128; x_wconf 91' lang='lat' dir='ltr'><strong>ita</strong></span> <span class='ocrx_word' id='word_1_272' title='bbox 1752 4064 1796 4132; x_wconf 91' lang='lat' dir='ltr'><strong>vt</strong></span> <span class='ocrx_word' id='word_1_273' title='bbox 1820 4055 1972 4152; x_wconf 86' lang='lat' dir='ltr'><strong>potiora</strong></span> <span class='ocrx_word' id='word_1_274' title='bbox 1996 4067 2036 4137; x_wconf 85' lang='lat' dir='ltr'><strong>ot</strong></span> 
     </span>
     <span class='ocr_line' id='line_1_28' title="bbox 187 4184 2034 4293; baseline -0.001 -25"><span class='ocrx_word' id='word_1_275' title='bbox 187 4191 423 4268; x_wconf 76' lang='lat' dir='ltr'><strong>solmnniora</strong></span> <span class='ocrx_word' id='word_1_276' title='bbox 435 4185 768 4287; x_wconf 83' lang='lat' dir='ltr'><strong>praemitterentur</strong></span> <span class='ocrx_word' id='word_1_277' title='bbox 781 4185 948 4286; x_wconf 75' lang='lat' dir='ltr'><strong>redonis.</strong></span> <span class='ocrx_word' id='word_1_278' title='bbox 998 4187 1131 4268; x_wconf 85' lang='lat' dir='ltr'><strong>Partes</strong></span> <span class='ocrx_word' id='word_1_279' title='bbox 1145 4185 1298 4293; x_wconf 78' lang='lat' dir='ltr'><strong>zodiaci</strong></span> <span class='ocrx_word' id='word_1_280' title='bbox 1319 4184 1362 4260; x_wconf 93' lang='lat' dir='ltr'><strong>in</strong></span> <span class='ocrx_word' id='word_1_281' title='bbox 1381 4185 1557 4263; x_wconf 79' lang='lat' dir='ltr'><strong>Scationa</strong></span> <span class='ocrx_word' id='word_1_282' title='bbox 1573 4187 1615 4262; x_wconf 91' lang='lat'><strong>11.</strong></span> <span class='ocrx_word' id='word_1_283' title='bbox 1636 4187 1810 4264; x_wconf 87' lang='lat' dir='ltr'><strong>collectae</strong></span> <span class='ocrx_word' id='word_1_284' title='bbox 1833 4211 1880 4266; x_wconf 90' lang='lat' dir='ltr'><strong>ao</strong></span> <span class='ocrx_word' id='word_1_285' title='bbox 1900 4189 2034 4277; x_wconf 75' lang='lat' dir='ltr'><strong>ordine</strong></span> 
     </span>
     <span class='ocr_line' id='line_1_29' title="bbox 185 4318 2033 4422; baseline 0.003 -21"><span class='ocrx_word' id='word_1_286' title='bbox 185 4349 274 4402; x_wconf 83' lang='lat' dir='ltr'><strong>sare</strong></span> <span class='ocrx_word' id='word_1_287' title='bbox 302 4325 519 4422; x_wconf 80' lang='lat' dir='ltr'><strong>excipiunt,</strong></span> <span class='ocrx_word' id='word_1_288' title='bbox 557 4341 632 4418; x_wconf 87' lang='lat' dir='ltr'><strong>quo</strong></span> <span class='ocrx_word' id='word_1_289' title='bbox 656 4318 801 4398; x_wconf 77' lang='lat' dir='ltr'><strong>anmto</strong></span> <span class='ocrx_word' id='word_1_290' title='bbox 833 4347 878 4400; x_wconf 82' lang='lat' dir='ltr'><strong>ac</strong></span> <span class='ocrx_word' id='word_1_291' title='bbox 907 4324 1094 4418; x_wconf 66' lang='lat' dir='ltr'><strong>mouitate</strong></span> <span class='ocrx_word' id='word_1_292' title='bbox 1126 4320 1365 4420; x_wconf 83' lang='lat' dir='ltr'><strong>praepollent</strong></span> <span class='ocrx_word' id='word_1_293' title='bbox 1389 4321 1465 4403; x_wconf 87' lang='lat' dir='ltr'><strong>alia</strong></span> <span class='ocrx_word' id='word_1_294' title='bbox 1495 4324 1594 4400; x_wconf 85' lang='lat' dir='ltr'><strong>aliis.</strong></span> <span class='ocrx_word' id='word_1_295' title='bbox 1645 4321 1794 4403; x_wconf 87' lang='lat' dir='ltr'><strong>Passim</strong></span> <span class='ocrx_word' id='word_1_296' title='bbox 1818 4325 1955 4403; x_wconf 84' lang='lat' dir='ltr'><strong>alienis</strong></span> <span class='ocrx_word' id='word_1_297' title='bbox 1979 4346 2033 4406; x_wconf 80' lang='lat' dir='ltr'><strong>ax</strong></span> 
     </span>
     <span class='ocr_line' id='line_1_30' title="bbox 186 4455 2035 4559; baseline -0.001 -25"><span class='ocrx_word' id='word_1_298' title='bbox 186 4456 499 4558; x_wconf 78' lang='lat' dir='ltr'><strong>inscriptionibus</strong></span> <span class='ocrx_word' id='word_1_299' title='bbox 527 4457 808 4546; x_wconf 84' lang='lat' dir='ltr'><strong>astronomicis,</strong></span> <span class='ocrx_word' id='word_1_300' title='bbox 830 4457 976 4540; x_wconf 84' lang='lat' dir='ltr'><strong>ibidem</strong></span> <span class='ocrx_word' id='word_1_301' title='bbox 1000 4455 1197 4546; x_wconf 83' lang='lat' dir='ltr'><strong>indicatis,</strong></span> <span class='ocrx_word' id='word_1_302' title='bbox 1217 4458 1343 4555; x_wconf 78' lang='lat' dir='ltr'><strong>recepi</strong></span> <span class='ocrx_word' id='word_1_303' title='bbox 1368 4459 1504 4553; x_wconf 78' lang='lat' dir='ltr'><strong>liguros</strong></span> <span class='ocrx_word' id='word_1_304' title='bbox 1530 4455 1775 4534; x_wconf 84' lang='lat' dir='ltr'><strong>illustrantes.</strong></span> <span class='ocrx_word' id='word_1_305' title='bbox 1827 4461 1956 4559; x_wconf 74' lang='lat' dir='ltr'><strong>ltaque</strong></span> <span class='ocrx_word' id='word_1_306' title='bbox 1976 4460 2035 4553; x_wconf 73' lang='lat' dir='ltr'><strong>ia·</strong></span> 
     </span>
     <span class='ocr_line' id='line_1_31' title="bbox 191 4591 2029 4691; baseline 0.002 -23"><span class='ocrx_word' id='word_1_307' title='bbox 191 4596 264 4668; x_wconf 86' lang='lat' dir='ltr'><strong>cilo</strong></span> <span class='ocrx_word' id='word_1_308' title='bbox 298 4595 388 4682; x_wconf 90' lang='lat' dir='ltr'><strong>erit,</strong></span> <span class='ocrx_word' id='word_1_309' title='bbox 434 4593 573 4691; x_wconf 88' lang='lat' dir='ltr'><strong>partim</strong></span> <span class='ocrx_word' id='word_1_310' title='bbox 612 4613 689 4666; x_wconf 90' lang='lat' dir='ltr'><strong>vno</strong></span> <span class='ocrx_word' id='word_1_311' title='bbox 725 4591 859 4665; x_wconf 89' lang='lat' dir='ltr'><strong>obtntn</strong></span> <span class='ocrx_word' id='word_1_312' title='bbox 895 4614 1117 4688; x_wconf 81' lang='lat' dir='ltr'><strong>cognoscere</strong></span> <span class='ocrx_word' id='word_1_313' title='bbox 1150 4591 1384 4686; x_wconf 78' lang='lat' dir='ltr'><strong>symbolicae</strong></span> <span class='ocrx_word' id='word_1_314' title='bbox 1410 4591 1688 4688; x_wconf 75' lang='lat' dir='ltr'><strong>Aegyptiorum</strong></span> <span class='ocrx_word' id='word_1_315' title='bbox 1722 4598 2029 4689; x_wconf 72' lang='lat' dir='ltr'><strong>astronomicum,</strong></span> 
     </span>
     <span class='ocr_line' id='line_1_32' title="bbox 190 4725 2029 4827; baseline 0.003 -26"><span class='ocrx_word' id='word_1_316' title='bbox 190 4729 329 4824; x_wconf 87' lang='lat' dir='ltr'><strong>partim</strong></span> <span class='ocrx_word' id='word_1_317' title='bbox 353 4729 520 4826; x_wconf 89' lang='lat' dir='ltr'><strong>reperire</strong></span> <span class='ocrx_word' id='word_1_318' title='bbox 544 4727 682 4821; x_wconf 80' lang='lat' dir='ltr'><strong>ligures</strong></span> <span class='ocrx_word' id='word_1_319' title='bbox 708 4738 810 4800; x_wconf 90' lang='lat' dir='ltr'><strong>certa</strong></span> <span class='ocrx_word' id='word_1_320' title='bbox 831 4728 1085 4802; x_wconf 87' lang='lat' dir='ltr'><strong>astronomiae</strong></span> <span class='ocrx_word' id='word_1_321' title='bbox 1111 4727 1298 4802; x_wconf 88' lang='lat' dir='ltr'><strong>clementa</strong></span> <span class='ocrx_word' id='word_1_322' title='bbox 1325 4725 1596 4821; x_wconf 88' lang='lat' dir='ltr'><strong>exprimentes,</strong></span> <span class='ocrx_word' id='word_1_323' title='bbox 1621 4751 1736 4827; x_wconf 89' lang='lat' dir='ltr'><strong>quum</strong></span> <span class='ocrx_word' id='word_1_324' title='bbox 1762 4751 1885 4805; x_wconf 87' lang='lat' dir='ltr'><strong>nonae</strong></span> <span class='ocrx_word' id='word_1_325' title='bbox 1915 4731 2029 4806; x_wconf 84' lang='lat' dir='ltr'><strong>buius</strong></span> 
     </span>
     <span class='ocr_line' id='line_1_33' title="bbox 190 4859 2031 4961; baseline 0.005 -27"><span class='ocrx_word' id='word_1_326' title='bbox 190 4865 339 4958; x_wconf 78' lang='lat' dir='ltr'><strong>generis</strong></span> <span class='ocrx_word' id='word_1_327' title='bbox 361 4862 626 4958; x_wconf 70' lang='lat' dir='ltr'><strong>inmriptiones</strong></span> <span class='ocrx_word' id='word_1_328' title='bbox 648 4859 833 4956; x_wconf 87' lang='lat' dir='ltr'><strong>explicari</strong></span> <span class='ocrx_word' id='word_1_329' title='bbox 857 4861 1034 4938; x_wconf 86' lang='lat' dir='ltr'><strong>debeant.</strong></span> <span class='ocrx_word' id='word_1_330' title='bbox 1084 4861 1191 4950; x_wconf 80' lang='lat' dir='ltr'><strong>Quae</strong></span> <span class='ocrx_word' id='word_1_331' title='bbox 1207 4882 1260 4933; x_wconf 85' lang='lat' dir='ltr'><strong>ex</strong></span> <span class='ocrx_word' id='word_1_332' title='bbox 1286 4881 1400 4955; x_wconf 89' lang='lat' dir='ltr'><strong>opere</strong></span> <span class='ocrx_word' id='word_1_333' title='bbox 1417 4859 1658 4958; x_wconf 88' lang='lat' dir='ltr'><strong>Description</strong></span> <span class='ocrx_word' id='word_1_334' title='bbox 1679 4863 1728 4938; x_wconf 89' lang='lat' dir='ltr'><strong>de</strong></span> <span class='ocrx_word' id='word_1_335' title='bbox 1750 4864 1923 4961; x_wconf 81' lang='lat' dir='ltr'><strong>l’Egypte</strong></span> <span class='ocrx_word' id='word_1_336' title='bbox 1950 4888 2031 4942; x_wconf 89' lang='lat' dir='ltr'><strong>ma·</strong></span> 
     </span>
     <span class='ocr_line' id='line_1_34' title="bbox 186 4993 2029 5099; baseline 0.003 -32"><span class='ocrx_word' id='word_1_337' title='bbox 186 5006 343 5084; x_wconf 74' lang='lat' dir='ltr'><strong>norunt,</strong></span> <span class='ocrx_word' id='word_1_338' title='bbox 367 5019 444 5072; x_wconf 94' lang='lat' dir='ltr'><strong>non</strong></span> <span class='ocrx_word' id='word_1_339' title='bbox 468 4998 571 5071; x_wconf 88' lang='lat' dir='ltr'><strong>omni</strong></span> <span class='ocrx_word' id='word_1_340' title='bbox 593 5017 647 5069; x_wconf 81' lang='lat' dir='ltr'><strong>ex</strong></span> <span class='ocrx_word' id='word_1_341' title='bbox 672 5004 782 5092; x_wconf 87' lang='lat' dir='ltr'><strong>parte</strong></span> <span class='ocrx_word' id='word_1_342' title='bbox 807 5006 895 5068; x_wconf 85' lang='lat' dir='ltr'><strong>sunt</strong></span> <span class='ocrx_word' id='word_1_343' title='bbox 922 5007 1043 5081; x_wconf 89' lang='lat' dir='ltr'><strong>certa,</strong></span> <span class='ocrx_word' id='word_1_344' title='bbox 1068 4996 1238 5068; x_wconf 87' lang='lat' dir='ltr'><strong>maxime</strong></span> <span class='ocrx_word' id='word_1_345' title='bbox 1265 4993 1364 5066; x_wconf 89' lang='lat' dir='ltr'><strong>tituli</strong></span> <span class='ocrx_word' id='word_1_346' title='bbox 1389 4993 1661 5094; x_wconf 80' lang='lat' dir='ltr'><strong>hieroglyphici</strong></span> <span class='ocrx_word' id='word_1_347' title='bbox 1683 4999 1811 5091; x_wconf 84' lang='lat' dir='ltr'><strong>liguris</strong></span> <span class='ocrx_word' id='word_1_348' title='bbox 1838 4998 2029 5099; x_wconf 87' lang='lat' dir='ltr'><strong>adscripti.</strong></span> 
     </span>
     <span class='ocr_line' id='line_1_35' title="bbox 185 5125 2030 5239; baseline 0.001 -37"><span class='ocrx_word' id='word_1_349' title='bbox 185 5127 375 5220; x_wconf 79' lang='lat' dir='ltr'><strong>Quamuis</strong></span> <span class='ocrx_word' id='word_1_350' title='bbox 393 5131 568 5239; x_wconf 82' lang='lat' dir='ltr'><strong>Lexicon</strong></span> <span class='ocrx_word' id='word_1_351' title='bbox 587 5141 758 5204; x_wconf 88' lang='lat' dir='ltr'><strong>nostrum</strong></span> <span class='ocrx_word' id='word_1_352' title='bbox 781 5139 928 5202; x_wconf 88' lang='lat' dir='ltr'><strong>constet</strong></span> <span class='ocrx_word' id='word_1_353' title='bbox 947 5125 1184 5202; x_wconf 88' lang='lat' dir='ltr'><strong>solummodo</strong></span> <span class='ocrx_word' id='word_1_354' title='bbox 1210 5131 1313 5202; x_wconf 89' lang='grc'><strong>3000</strong></span> <span class='ocrx_word' id='word_1_355' title='bbox 1334 5130 1483 5203; x_wconf 90' lang='lat' dir='ltr'><strong>circiter</strong></span> <span class='ocrx_word' id='word_1_356' title='bbox 1503 5131 1683 5222; x_wconf 88' lang='lat' dir='ltr'><strong>articulis,</strong></span> <span class='ocrx_word' id='word_1_357' title='bbox 1702 5133 1841 5227; x_wconf 90' lang='lat' dir='ltr'><strong>partim</strong></span> <span class='ocrx_word' id='word_1_358' title='bbox 1865 5133 2030 5228; x_wconf 81' lang='lat' dir='ltr'><strong>figurati·</strong></span> 
     </span>
     <span class='ocr_line' id='line_1_36' title="bbox 184 5242 2032 5364; baseline -0.001 -24"><span class='ocrx_word' id='word_1_359' title='bbox 184 5265 263 5354; x_wconf 83' lang='lat' dir='ltr'><strong>uis,</strong></span> <span class='ocrx_word' id='word_1_360' title='bbox 285 5263 430 5362; x_wconf 88' lang='lat' dir='ltr'><strong>partim</strong></span> <span class='ocrx_word' id='word_1_361' title='bbox 451 5242 677 5364; x_wconf 67' lang='lat' dir='ltr'><strong>phon&#39;eticis3</strong></span> <span class='ocrx_word' id='word_1_362' title='bbox 700 5266 867 5341; x_wconf 88' lang='lat' dir='ltr'><strong>continet</strong></span> <span class='ocrx_word' id='word_1_363' title='bbox 893 5267 1021 5340; x_wconf 87' lang='lat' dir='ltr'><strong>tam&#39;en</strong></span> <span class='ocrx_word' id='word_1_364' title='bbox 1042 5262 1215 5359; x_wconf 90' lang='lat' dir='ltr'><strong>symbola</strong></span> <span class='ocrx_word' id='word_1_365' title='bbox 1241 5277 1428 5339; x_wconf 88' lang='lat' dir='ltr'><strong>astrorum</strong></span> <span class='ocrx_word' id='word_1_366' title='bbox 1453 5266 1622 5339; x_wconf 88' lang='lat' dir='ltr'><strong>maxime</strong></span> <span class='ocrx_word' id='word_1_367' title='bbox 1650 5265 1846 5342; x_wconf 88' lang='lat' dir='ltr'><strong>solemnia.</strong></span> <span class='ocrx_word' id='word_1_368' title='bbox 1898 5263 2032 5338; x_wconf 84' lang='lat' dir='ltr'><strong>Nouae</strong></span> 
     </span>
    </p>
   </div>
   <div class='ocr_carea' id='block_1_5' title="bbox 0 0 2484 6086">
    <p class='ocr_par' dir='ltr' id='par_1_7' title="bbox 0 0 2484 6086">
     <span class='ocr_line' id='line_1_37' title="bbox 0 0 2484 6086; baseline 0 0"><span class='ocrx_word' id='word_1_369' title='bbox 0 0 2484 6086; x_wconf 95' lang='lat' dir='ltr'><strong> </strong></span> 
     </span>
    </p>
   </div>
  </div>
 </body>
</html>
