4882 6098
893 571 978 588 --
1035 531 1117 614 335
1176 576 1260 589 -

1040 759 1114 844 lll.

405 901 465 976 De
487 899 689 998 grauitate
716 911 755 974 et
780 926 850 974 osu
872 904 1128 978 astronomiae
1154 899 1411 1002 Aegyptiacae
1434 902 1476 976 e'n
1501 875 1723 980 narnensem.
1801 889 1809 908 “

231 1077 267 1142 Si
288 1071 406 1142 verum
435 1072 505 1136 sine
527 1069 719 1155 gloriatione
752 1082 786 1134 et
812 1073 996 1157 arrogantia
1018 1073 1125 1138 dicere
1145 1076 1197 1138 ias
1218 1085 1285 1153 est,
1316 1075 1531 1138 astronomiae
1550 1074 1767 1160 Aegyptiacae
1788 1071 1888 1138 clauis
1910 1091 1984 1157 gra·

150 1197 288 1260 vindmia
308 1188 577 1260 huins‚decenuii
597 1189 738 1252 inuentis
760 1187 1029 1276 archaeologicis,
1057 1189 1112 1255 vel
1133 1189 1285 1256 litorariis
1308 1195 1512 1258 annumerari
1535 1204 1654 1280 potest.
1697 1189 1805 1256 'l'anta
1826 1202 1875 1255 est
1899 1189 1984 1251 enim

148 1315 223 1377 noui
242 1309 344 1378 huius
363 1308 462 1374 fontis
486 1303 627 1386 ubertas,
650 1317 687 1369 vt
707 1304 783 1370 iuda
803 1308 939 1372 scientia
956 1321 1067 1374 nostra
1092 1308 1247 1374 historica
1267 1311 1443 1374 innumeris
1465 1309 1535 1376 lere
1558 1308 1719 1377 erroribus
1739 1320 1916 1386 exemtum‚
1934 1307 1984 1370 in·

147 1432 290 1498 numeria
317 1428 389 1494 tore
410 1421 559 1510 partibor
576 1423 657 1490 mire
678 1423 868 1490 instructum
897 1427 938 1490 iri
960 1425 1119 1491 videatur.
1163 1425 1374 1493 Nemoenim
1393 1429 1515 1510 nescit,
1545 1450 1641 1514 quam
1660 1427 1866 1515 imperfecta,
1888 1442 1984 1508 qnam

52 1553 55 1558 '
146 1545 261 1610 mutila
283 1559 319 1610 at
341 1564 455 1608 manca
477 1543 519 1608 sit
540 1542 644 1608 omnis
665 1554 774 1607 nostra
796 1543 996 1628 antiquitatis
1017 1545 1175 1628 cognitio,
1199 1557 1231 1609 et
1252 1548 1411 1611 neminem
1434 1546 1537 1632 fugit,
1565 1565 1661 1631 qnam
1681 1545 1794 1609 'variae
1815 1553 1849 1605 et
1865 1559 1984 1624 repug-

144 1675 265 1728 nantes
286 1664 353 1728 sint
373 1660 563 1724 nostratium
584 1661 764 1725 tententiae
786 1681 849 1726 nou
872 1657 977 1726 solum
999 1661 1039 1725 ds
1060 1659 1157 1726 rebus
1178 1659 1316 1744 leuibus,
1337 1663 1394 1727 sesl
1415 1665 1511 1726 etiam
1531 1662 1570 1728 de
1589 1659 1793 1748 grauioribus
1810 1658 1853 1723 ad
1873 1655 1985 1740 cogni·

145 1781 288 1874 tionem,
312 1797 395 1864 quae
414 1797 510 1842 sensu
529 1774 686 1842 latissimo
708 1775 840 1858 «licitur,
870 1775 1055 1844 historicam
1079 1776 1309 1866 spectantibus.
1345 1774 1555 1864 ,Quamquam
1577 1781 1662 1844 eninr
1689 1773 1983 1859 veteresinprimis

124 1874 271 1961 'Graeci
293 1894 447 1959 ethatini
467 1893 640 1980 scriptores
659 1907 841 1961 memoratu
858 1894 1046 1982 dignissima
1067 1916 1213 1983 quaeque
1236 1893 1338 1960 veluti
1359 1915 1483 1960 sacram
1506 1895 1717 1960 hereditatem
1738 1893 1832 1960 nohis
1846 1891 1983 1977 posteris

142 2011 366 2091 tradiderunt3
402 2023 510 2074 tamen
532 1992 634 2076 multa
662 2012 744 2074 scitu
766 2011 953 2098 dignissima
982 2011 1109 2078 silentio
1130 2013 1385 2097 praeterierunt,
1418 2032 1478 2076 uec
1499 2033 1572 2078 raro
1597 2015 1786 2078 inconcinna
1808 2022 1841 2075 et
1861 2026 1981 2094 repug-

141 2131 263 2195 nantia
287 2127 339 2194 vel
369 2126 569 2193 subobscura
598 2126 785 2194 docuerunt.
829 2124 921 2203 Quae
944 2151 1023 2195 vero
1049 2130 1092 2195 nd
1113 2132 1299 2196 uniuersam
1328 2131 1551 2215 antiquitatem
1572 2130 1802 2216 historiamque
1822 2128 1982 2190 instruen-

137 2245 218 2312 dam
240 2246 375 2327 iaciunt,
397 2266 438 2310 aa
458 2244 534 2308 inda
554 2265 574 2308 a
594 2241 749 2310 honmnm
767 2244 935 2330 literarum
955 2249 1189 2324 instauratione
1207 2263 1298 2315 tanta
1313 2249 1390 2313 'arte
1412 2246 1582 2334 studioque
1602 2245 1770 2314 enucleata
1794 2257 1827 2310 et
1848 2239 1982 2307 collecta

136 2363 229 2447 suist,
254 2377 292 2429 vt
315 2361 515 2430 Graecorum
535 2361 815 2450 Romanorumque
836 2361 1003 2431 literatura
1024 2387 1108 2432 nnnc
1131 2387 1234 2452 paena
1253 2389 1313 2454 pro
1334 2368 1375 2431 iis
1390 2365 1557 2432 'exhausta
1580 2377 1613 2429 et
1634 2362 1801 2429 exantlata
1820 2359 1978 2426 videatur.

133 2479 418 2557 Quadratum,
450 2499 604 2546 uomet
627 2475 717 2545 ion'te
749 2494 880 2566 aperto,
912 2487 1031 2570 quippe
1053 2489 1252 2552 astronomia
1274 2485 1475 2572 Aegyptiace
1496 2481 1631 2568 aliisque
1641 2477 1828 2564 ‚disciplinis
1849 2496 1920 2541 cum
1943 2493 1982 2536 ea

133 2601 308 2686 cognatis,
337 2597 414 2684 quid
441 2594 599 2661 redundet
620 2595 730 2678 nobis,
758 2599 823 2664 iam
847 2596 988 2666 hrauiter
1011 2616 1206 2687 exponatur·
1249 2601 1308 2666 Est
1339 2613 1445 2666 autern
1467 2599 1662 2666 astronomia
1683 2595 1980 2681 Aegyptiam-gra·

129 2718 273 2781 vissimo
293 2725 456 2780 momento
480 2713 521 2778 atl
542 2711 806 2803 chronologiam,
829 2716 1020 2801 Historiam,
1041 2718 1289 2806 Mythologiam,
1307 2715 1520 2804 Theologiam
1544 2715 1746 2799 exegeticam
1768 2709 1812 2774 V.
1827 2707 1882 2788 'l'.,
1904 2704 1980 2770 Phi·

124 2829 298 2920 lologiam
322 2851 496 2917 praecipue
520 2830 774 2919 Aegyptiarum,
803 2833 1044 2904 Astrouomiam
1068 2849 1102 2900 et
1129 2834 1370 2922 Cosmologiam
1393 2834 1537 2926 aliasque
1564 2829 1748 2916 disciplinas
1775 2821 1980 2911 corrigendas
2044 2887 2049 2896 ,

127 2961 161 3014 et
182 2947 412 3016 instruendas.

886 3099 1229 3115 m„-

1020 3223 1093 3309 lV.

367 3359 589 3492 Emenslateh
615 3367 736 3440 omnis
761 3331 1036 3462 chronologiae
1063 3369 1255 3468 antiquae,
1281 3364 1455 3466 caprensis
1478 3365 1748 3468 Aegyptiacae.

217 3542 330 3609 Nemo
348 3547 463 3627 nescit,
489 3544 655 3616 historiam
678 3554 746 3618 sine
766 3552 985 3640 Chronologin
1007 3569 1156 3620 constare
1178 3575 1240 3616 non
1260 3572 1368 3637 passe.
1413 3549 1576 3638 Gaiusque
1598 3555 1681 3616 enim
1703 3548 1814 3636 populi
1835 3546 1921 3610 iacta
1944 3557 1976 3606 et

110 3663 200 3726 iata
233 3663 412 3728 mairano
435 3666 520 3730 inter
540 3666 779 3746 ssa-cohaerent,
800 3690 904 3758 nequo
926 3670 1012 3736 nllus
1036 3686 1086 3736 est
1105 3669 1255 3758 populus,
1279 3672 1354 3756 quin
1376 3665 1448 3732 cuin
1474 3667 1545 3732 aliis
1567 3669 1720 3731 historiae
1742 3674 1866 3749 partem
1889 3679 1975 3722 eom·

108 3797 273 3846 munem
295 3776 421 3846 habeat.
467 3780 574 3860 Quum
595 3805 674 3850 vcro
696 3801 853 3874 tempora,
870 3809 935 3874 qno
955 3801 1136 3874 congestae
1158 3801 1243 3870 sunt,
1265 3789 1455 3872 ignorantur
1471 3798 1527 3847 aut
1549 3801 1716 3868 perperam
1732 3789 1975 3863 computantur,

108 3893 304 3981 quomodo
331 3895 490 3965 historiae
512 3914 649 3968 euentus
671 3905 757 3968 iusto
782 3920 814 3968 et
836 3925 915 3970 sero
939 3925 998 3969 suo
1019 3906 1133 3971 ordina
1155 3907 1311 3985 enarrari,
1334 3905 1417 3964 inter
1436 3920 1473 3963 se
1494 3901 1673 3984 comparari
1695 3913 1791 3986 atque
1821 3897 1976 3962 concinne

106 4009 174 4078 alii
204 4011 473 4100 aliiserplicnri
494 4027 651 4105 possuntt
683 4019 801 4088 Nonne
822 4021 962 4104 clarum,
992 4025 1061 4087 siue
1091 4021 1298 4107 chronologia
1327 4035 1451 4081 summa
1473 4017 1547 4080 imis
1569 4019 1715 4084 misceril
1752 4019 1975 4084 Interamnae

109 4143 244 4194 autem
267 4143 416 4214 constat,
432 4135 543 4238 qualis
564 4139 606 4202 sit
627 4135 857 4224 chronologiae
880 4151 1012 4203 nostrae
1033 4139 1184 4203 conditio.
1229 4136 1303 4202 Non
1325 4133 1411 4198 enim
1434 4135 1543 4220 agitur
1565 4136 1605 4200 sle
1626 4135 1762 4222 singulis
1783 4133 1894 4210 anuis,
1917 4127 1974 4190 sed

103 4249 154 4310 de
187 4245 386 4323 decenniis,
409 4253 687 4336 generationibus,
716 4253 872 4332 saeonhs,
902 4255 1000 4341 quill
1038 4255 1121 4341 quod
1150 4253 1240 4319 mille
1269 4273 1425 4318 annorum
1452 4255 1574 4338 spatiis.
1618 4251 1732 4339 Neque
1761 4253 1822 4316 hoc
1846 4250 1973 4312 mirum.

103 4360 269 4448 Quippe
283 4363 502 4454 ¹'chronologia
522 4373 634 4436 nititur
656 4375 814 4453 numeris,
839 4369 954 4458 quihus
975 4386 1102 4437 veteres
1128 4386 1309 4459 temporum
1331 4372 1437 4458 spatia
1462 4369 1653 4434 indicarunt.
1697 4367 1787 4433 Nihil
1808 4387 1888 4431 vero
1909 4363 1974 4428 fra·

98 4479 236 4568 gilius
260 4491 292 4543 et
308 4483 460 4550 incertius
482 4493 771 4575 manuscriptorum
792 4491 945 4572 numeris,
970 4491 1088 4578 quippe
1109 4490 1225 4577 quihus
1248 4488 1465 4556 descrihendis
1486 4484 1590 4552 scriba
1615 4487 1749 4572 quisque
1771 4503 1890 4566 errare,
1913 4484 1974 4547 cri·

93 4601 212 4666 tiene
249 4598 382 4684 quisque
403 4624 495 4668 ruam
517 4607 703 4692 opinionem
725 4629 905 4694 supponere
929 4621 1067 4694 poterat.
1111 4609 1154 4674 Et
1175 4612 1286 4697 negari
1309 4607 1429 4694 nequit,
1450 4623 1513 4668 non
1536 4603 1617 4668 duos
1640 4615 1789 4686 exstare,
1815 4614 1973 4689 quotquot

93 4727 324 4802 superfluat,
353 4719 478 4786 codices
500 4725 732 4809 manuscriptos
764 4725 906 4789 eiusdem
935 4729 1092 4808 auctoris,
1128 4727 1242 4815 quihus
1270 4740 1476 4790 numerorum
1504 4717 1588 4806 sigla
1614 4719 1734 4806 vbiqua
1761 4721 1970 4787 consentiant.

86 4833 192 4900 Hoc
224 4812 341 4898 antoni
361 4837 447 4901 cadit
469 4859 534 4903 nou
557 4839 660 4906 solum
680 4842 712 4904 in
740 4839 996 4926 Aegyptiorum,
1028 4842 1086 4907 sed
1110 4846 1142 4906 in
1175 4845 1317 4907 omnium'
1345 4839 1474 4904 omnino
1495 4835 1688 4924 populorum
1717 4834 1969 4921 chronologiam.

85 4945 229 5029 011οἆ
255 4951 337 5014 enim
360 4955 501 5038 primum
523 4956 764 5046 chronologiam
786 4979 909 5022 sacram
933 4961 1058 5040 attinet,
1084 4963 1197 5046 negari
1218 4957 1343 5046 quidem
1368 4957 1489 5042 nequit,
1513 4977 1584 5020 eam
1606 4958 1748 5019 omniurn
1771 4975 1843 5018 esse
1863 4964 1897 5016 et
1919 4973 1970 5018 ac·

81 5065 369 5142 oneratissimum
396 5085 430 5136 et
458 5071 525 5138 iisle
551 5073 769 5161 dignissimam
793 5087 889 5156 atque
918 5077 951 5139 in
973 5079 1157 5142 uniuersum
1181 5087 1310 5140 certam.
1354 5074 1400 5140 At
1423 5091 1519 5159 quum
1544 5069 1755 5157 chronologia
1777 5093 1869 5136 sacra
1890 5093 1970 5138 non·

76 5187 168 5256 nissi
203 5180 259 5248 ad
283 5200 405 5254 certum
434 5211 534 5278 vsque
565 5205 692 5278 tempus
720 5192 933 5274 extendatm3
961 5197 1105 5282 quaestio
1126 5207 1194 5278 ert,
1219 5213 1357 5280 quocum
1378 5204 1522 5276 tempore
1543 5187 1696 5256 historiae
1716 5191 1872 5276 profanae
1893 5187 1968 5251 finis

80 5297 363 5390 chronologiae
394 5323 505 5372 sacrae
538 5309 779 5396 coniungendas
808 5335 845 5380 ac
876 5312 1076 5401 copulandus
1106 5311 1159 5380 sit.
1203 5309 1332 5378 Scilicet
1360 5305 1549 5396 chronologi
1581 5322 1649 5374 tum
1679 5323 1821 5387 veteres,
1856 5321 1890 5367 vt
1923 5303 1966 5369 V·
