4830 6102
1181 489 1550 572 -370-

394 659 396 664 ⁸
527 681 639 750 Feeile
658 681 864 767 intelligitur,
887 701 944 746 eur
966 679 1124 764 Gueedei,
1147 683 1287 768 antiquie
1309 681 1481 767 Aegyptiis
1503 680 1605 747 multo
1627 682 1791 760 iuniores,
1815 683 1935 767 qnippe
1954 680 2216 748 lirneeielrterie
2233 682 2289 746 ed·

444 799 538 882 dieti,
567 799 712 864 reeuleru
735 822 761 864 ω
783 797 897 860 Lunee
923 797 1162 884 adscripserint.
1206 798 1335 868 Seiliuet
1358 824 1383 872 ω
1407 798 1603 865 Graecorum
1625 801 1708 864 iuter
1731 796 1893 883 simplices
1914 797 2045 882 literne,
2067 803 2142 864 ei'ue
2162 797 2290 865 voeelee

446 932 653 997 numeretur,
686 917 791 1003 quod,
824 937 896 980 euru
924 915 1204 1002 uAegyptieeum
1230 921 1256 986 5
1283 931 1504 983 ooneeoretum
1526 939 1591 982 nou
1621 929 1710 982 eruet
1735 918 1771 984 in
1793 937 1853 981 reu
1878 917 1965 1004 opud
1991 917 2152 999 Grneone,
2177 917 2290 982 Lunee

447 1054 633 1100 mueeueum
654 1034 727 1100 luit.
772 1031 924 1098 Ceterum
946 1060 971 1100 ω
993 1037 1124 1101 serioue
1145 1039 1261 1102 eetetie
1279 1035 1516 1123 Aegyptiisque
1536 1035 1733 1121 incognitum
1754 1033 1869 1112 iniere,
1890 1034 1944 1099 vel
1960 1057 2004 1100 ex
2028 1057 2068 1100 eo
2088 1033 2288 1120 intelligitur,

448 1151 533 1240 quod
554 1149 688 1218 (ireeeie
709 1153 908 1238 incognitum
932 1167 1019 1231 erut,
1043 1173 1143 1239 quum
1162 1153 1305 1220 oolouiee
1326 1156 1360 1220 iu
1382 1152 1510 1219 lteliem
1530 1153 1743 1231 deducerent,
1768 1153 1917 1240 qnodque
1938 1173 1959 1216 e
1979 1151 2146 1218 stnomm
2164 1152 2287 1218 demun

450 1272 576 1336 uireiter
607 1273 672 1336 500
693 1267 1061 1337 maurecenorum
1092 1274 1260 1338 inuentum
1284 1272 1400 1336 dieitur
1425 1291 1444 1335 n
1466 1269 1643 1336 veteribus.
1687 1269 1838 1336 Ceterum
1861 1268 2052 1334 mutuetur
2072 1269 2096 1335 l.
2117 1257 2288 1336 t.'voeete

451 1408 516 1453 uon
536 1385 640 1456 tolum
662 1400 786 1471 septem
810 1387 872 1452 diin
892 1390 1046 1452 maximin
1067 1391 1137 1453 uiue
1157 1389 1297 1474 pleuetir
1321 1387 1493 1466 adscribit,
1517 1389 1575 1454 eed
1600 1390 1664 1473 ipei
1683 1387 1807 1452 Veneri
1830 1401 1864 1453 et
1884 1387 2037 1473 Apolliru',
2060 1388 2094 1452 h.
2117 1409 2147 1452 e.
2171 1389 2215 1482 ῼ,
2235 1409 2286 1452 vo·

452 1503 557 1572 uelem
576 1529 591 1572 e
613 1507 684 1572 niue
705 1517 730 1570 n
753 1503 883 1584 tribuit,
921 1505 1006 1590 quod
1033 1527 1104 1572 enm
1127 1507 1363 1593 Aegyptiorum
1391 1509 1538 1586 neue,
1575 1519 1610 1570 vt
1637 1506 1800 1586 vidimus,
1834 1527 1950 1591 reepre
1977 1507 2139 1572 eonueuit.
2179 1504 2286 1590 ltuque

454 1626 475 1688 7
496 1620 628 1690 recoles
651 1626 672 1688 7
692 1621 832 1710 plenetie
856 1623 1037 1708 edeeriptee
1057 1638 1150 1690 erent
1171 1637 1204 1690 et
1222 1622 1397 1690 oubieotee.

540 1739 710 1826 Denique,
748 1761 845 1827 quum
868 1760 982 1806 omues
1002 1761 1056 1804 ree
1079 1743 1114 1806 in
1142 1744 1210 1806 vite
1237 1741 1381 1806 humere
1405 1743 1589 1822 replentur,
1626 1741 1818 1825 praeuertim
1841 1759 1940 1824 quum
2055 1738 2196 1804 muriceo
2219 1739 2285 1822 ἱρὰ,

452 1877 514 1932 nee
536 1877 603 1924 nou
626 1857 757 1926 rouelee
778 1873 904 1944 reptem
925 1857 1066 1943 planetis
1089 1857 1173 1944 epod
1195 1857 1379 1945 Aegyption
1405 1873 1615 1924 eonreoretee
1632 1857 1770 1936 turrim,
1798 1854 1921 1921 clen-
1942 1869 2010 1936 eet,
2032 1856 2130 1924 etiem
2155 1853 2287 1941 ιάἱριιω

454 1977 610 2046 oratoru
632 1975 794 2046 murum
815 1996 924 2055 nouos,
950 1977 1069 2060 quippe
1089 1995 1247 2046 eoueouee
1270 1974 1415 2062 eingulee
1435 1975 1478 2040 ed
1501 1975 1646 2063 eingulun
1667 1973 1815 2060 plenem
1836 1985 2011 2058 speetmee.
2052 1971 2142 2051 Inter
2167 1972 2287 2038 voeoler

455 2095 541 2160 enim
572 2105 606 2156 et
626 2093 839 2163 uruiuooelee
868 2113 1089 2178 ooneonneque
1114 2096 1245 2180 proprie
1274 2095 1321 2158 eie
1350 2093 1453 2158 diutee
1481 2114 1595 2178 perum
1622 2093 1815 2181 direrlminie
1840 2089 2020 2156 intercedit.
2062 2088 2141 2156 Non
2162 2092 2287 2159 mern

456 2212 529 2288 erit,
552 2209 774 2276 demonetrere
796 2233 885 2296 queo
901 2233 1063 2278 eoneonue
1083 2209 1221 2298 ringulin
1240 2209 1380 2295 plonetie
1406 2213 1532 2278 dieetae
1557 2212 1690 2292 luerint,
1713 2231 1812 2297 quum
1834 2219 1961 2274 eonetet
1980 2207 2022 2272 de
2039 2209 2156 2274 ordine
2174 2224 2210 2274 et
2227 2208 2288 2294 ple·

457 2338 605 2394 ueterum
626 2329 673 2412 (u
690 2330 880 2412 §meet
895 2349 929 2413 p.
947 2327 1036 2415 tu),
1060 2341 1094 2394 et
1113 2342 1325 2394 ooneonerunt
1348 2328 1589 2414 (rennueret).
1631 2327 1761 2394 Soilieet
1780 2343 1815 2409 n,
1840 2339 1875 2393 rt
1896 2325 2048 2410 ridinue,
2077 2331 2101 2412 ξ
2129 2327 2289 2398 eonueuitt

457 2463 560 2531 genre
577 2451 658 2525 ³2,
687 2451 757 2521 1Θ
779 2445 1014 2528 attribuentur,
1044 2467 1176 2542 penem
1199 2459 1267 2528 eet,
1290 2461 1322 2510 et
1343 2447 1389 2510 rio
1411 2467 1519 2531 porro.
1562 2444 1636 2510 lloo
1658 2445 1789 2533 quidem
1811 2467 1856 2510 ex
1876 2446 1991 2511 ordine
2012 2463 2034 2514 't
2052 2447 2123 2510 niue
2142 2447 2162 2510 d
2184 2443 2222 2508 ed
2243 2445 2289 2528 ὅ,

459 2561 565 2628 teiue
593 2559 675 2638 ded
701 2563 726 2638 15
749 2566 923 2646 pertinent.
967 2565 1004 2629 ld
1034 2567 1141 2651 iprum
1168 2585 1248 2629 vero
1278 2561 1538 2648 Etymologioum
1569 2562 1753 2628 Gudieuum
1783 2561 1976 2628 eonfirmere
2000 2563 2141 2630 videtur.
2183 2559 2293 2629 tntu

457 2677 544 2742 euim
571 2673 643 2740 loeo
670 2679 785 2760 eiteto,
819 2683 839 2744 d
866 2695 981 2768 querto
1009 2682 1121 2766 coelo,
1141 2685 1267 2769 ,quippe
1298 2683 1351 2746 oui
1374 2693 1505 2765 praeest
1533 2686 1590 2762 (φ,
1614 2683 1632 2759 ζ
1657 2701 1735 2745 vero
1765 2683 1921 2765 reprimo,
1956 2657 2130 2768 quippe‘p
2155 2679 2292 2764 proprio,

458 2793 629 2858 oouuenire
650 2794 697 2877 (ρ.
711 2796 764 2858 50.
781 2797 839 2880 5.).
882 2797 985 2864 Ροπο
1010 2799 1073 2864 hoo
1094 2820 1140 2866 ex
1161 2799 1273 2865 ordine
1294 2814 1335 2875 u,
1367 2819 1453 2884 quee
1471 2795 1567 2863 litere
1590 2805 1632 2864 60
1654 2798 1760 2881 velet,
1784 2798 1870 2864 ondit
1890 2801 1925 2868 iu
1946 2801 1982 2874 t.
2022 2796 2068 2861 At
2089 2799 2223 2870 urerer
2243 2805 2292 2856 eet

457 2914 683 2990 numerurm,
707 2911 1205 3001 teeteAelieuo(Ao.X.21.).
1247 2914 1375 2980 Deinde
1395 2913 1554 2982 vooeliee
1574 2919 1723 2982 conuenit
1741 2918 1786 3001 A.
1827 2915 1928 3003 Atqui
1949 2917 1975 2998 ᾖ
1994 2934 2083 2978 tueor
2098 2925 2147 2977 eet
2161 2909 2290 2997 perdix,

459 3029 514 3116 qui
535 3047 558 3092 u
577 3032 806 3114 pronunciatur
831 3045 927 3120 etque
956 3055 1123 3100 neruorum
1153 3034 1370 3118 septenarium
1396 3031 1560 3119 nignilioet
1584 3033 1728 3120 (Aelien.
1743 3035 1806 3100 Au.
1820 3031 1987 3122 uxvu.
2007 3053 2038 3097 o.
2053 3030 2119 3116 15.)
2158 3029 2226 3094 lem
2245 3047 2291 3089 ex

458 3143 529 3222 hin,
562 3165 646 3230 quoe
673 3145 828 3214 lueetenuo
858 3148 1110 3236 disputouimue,
1139 3153 1303 3237 nequitur,
1334 3149 1449 3216 literne
1473 3151 1710 3240 Aegyptiorum
1730 3156 1772 3218 2⁵
1793 3149 1869 3218 illue
1898 3153 1941 3218 tir
1960 3149 2104 3236 pleuetir
2124 3149 2295 3234 &aliptes

459 3260 573 3344 iniere,
596 3283 677 3350 quoe
699 3285 838 3354 sequeno
860 3264 971 3332 tebule
994 3267 1141 3334 exhibet.
1184 3268 1324 3344 Vooelee
1345 3274 1471 3338 vneinie
1491 3268 1634 3336 inoluoee
1655 3281 1742 3334 mut.

439 3565 2309 3684 ninum-2553**“*‘=Trn·‘e†3·5·n·‘3‘0‘s·t}‘e‘÷·e··fi'

883 3605 898 3653 2

427 3698 961 3824 deterrebit
1210 3761 2325 3851 h--ilrlmu-op—-qreto

428 3853 538 3891 ³'
875 3863 900 3918 Ρ
1267 3839 2327 3950 ueruilrtrtconxhpmru

1257 3952 1519 4040 (e)sth(i)k
1573 3953 1702 4047 lmn
1749 3952 1847 4036 e(o)
1887 3967 2033 4058 pteq
2078 3951 2181 4015 reeh
2235 3944 2329 4028 1(ιι)
2393 4021 2394 4056 1

1322 4093 1388 4308 ul
2212 4120 2333 4284 0

427 3609 961 3752 Graeceoufid
1157 3679 2297 3761 luniltsslpr-un--uurv

934 3863 963 3920 λ

545 4433 660 4522 ltaque
681 4435 741 4501 luno
756 4438 789 4502 iu
811 4437 923 4505 tabule
942 4440 1028 4505 idem
1045 4454 1095 4506 eet
1110 4442 1189 4508 ordo
1212 4458 1279 4510 tum
1294 4444 1472 4523 literarum,
1487 4459 1556 4510 tum
1576 4445 1778 4532 planetarum
1794 4447 1999 4509 oonueuiene.
2026 4439 2165 4506 Etenim
2181 4455 2309 4528 neptem

462 4547 603 4630 rooelee,
626 4573 723 4637 quum
738 4569 863 4642 reptem
877 4556 1018 4644 plonetie
1032 4561 1199 4646 epeoiatim
1221 4561 1500 4641 eddioteeeeeent,
1522 4565 1557 4628 in
1578 4562 1689 4628 ordine
1703 4561 1906 4649 pleueterum
1920 4561 1958 4628 ed
1979 4577 2143 4654 euagone·
2161 4572 2309 4644 epeoteu·

463 4664 541 4728 tium
564 4667 760 4752 singularem
783 4695 876 4740 uuum
897 4677 1042 4744 ordinem
1064 4694 1205 4757 reruent,
1220 4699 1350 4768 neoeere
1373 4693 1432 4746 eet.
1465 4679 1535 4746 lem
1557 4703 1636 4747 vero
1658 4695 1805 4767 apparet,
1826 4679 1992 4763 literarum
2014 4676 2118 4758 eeriei
2143 4675 2309 4754 eoeidime,

462 4781 494 4844 id
516 4784 601 4868 quod
624 4783 756 4853 Zudieci
779 4791 926 4876 pertibus
948 4795 1071 4862 eoeidit.
1115 4793 1392 4873 Quemadmodum
1415 4799 1500 4862 enim
1519 4799 1622 4864 veluti
1644 4798 1684 4863 de
1708 4805 1754 4863 12·
1768 4798 1888 4884 signis,
1908 4795 1949 4870 00
1971 4801 2015 4856 24
2035 4791 2155 4876 3⁰¹5&
2179 4798 2224 4860 3⁶
2245 4793 2309 4860 ⁰⁹·

463 4900 559 4962 ouriie
585 4895 695 4986 plur'ee
724 4929 824 4974 vnum
847 4911 1047 4999 eundemque
1066 4915 1230 5002 planetum
1251 4914 1374 4981 hebent
1394 4915 1576 5000 dominum,
1604 4917 1652 4982 ite
1672 4929 1706 4982 et
1726 4914 1843 4981 literne
1862 4919 1934 4980 uiue
1956 4915 2028 4980 euni
2050 4911 2179 4976 diuersi
2201 4909 2312 4997 plnree

463 5015 496 5078 ie
521 5037 617 5081 vnum
635 5017 799 5106 planetum
820 5028 948 5115 eadunt,
968 5031 1053 5118 quod
1075 5052 1212 5120 nequem
1231 5031 1341 5098 tebulu
1361 5034 1471 5100 duret:
