4830 6102
1180 484 1549 566 -352--

447 687 664 780 mythologiue
685 679 779 746 eliber
799 675 958 762 intelligi,
988 677 1178 760 pertraeeari
1200 689 1234 740 et
1256 676 1340 742 tradi
1363 673 1522 756 debeant,
1552 693 1649 762 qnam
1668 673 1834 762 bueuaque
1853 674 1976 742 laetam
1999 673 2161 760 vidimus,
2189 699 2277 766 quun

447 828 533 879 ma
554 806 629 871 huie
648 802 716 866 im
737 793 927 879 disciplinas
948 791 1009 856 lux
1030 792 1189 860 effulserit
1209 816 1255 860 ex
1274 793 1438 882 Aegypto.
2371 789 2379 800 ’

531 923 601 994 {em
618 913 747 982 lucilius
770 910 898 976 definiri
920 923 1045 996 potest,
1070 912 1230 999 quomodo
1251 915 1362 978 verine
1383 913 1528 999 gentium
1549 909 1723 998 religiones
1742 923 1834 977 ortes
1857 911 1998 994 inerint,
2026 933 2107 1000 quus
2125 915 2279 980 eioiasitn·

446 1049 537 1114 {hee
563 1036 721 1104 subierint
744 1031 870 1124 senaim
888 1031 1087 1117 sensimque,
1122 1031 1284 1117 quomodo
1305 1029 1473 1118 gemilium
1495 1027 1723 1096 hodiernorum
1743 1027 1827 1094 fides
1856 1029 2030 1094 oubaereut
2051 1051 2124 1095 eum
2153 1033 2279 1118 artique

449 1177 482 1231 er
501 1159 643 1250 genuine
662 1151 831 1238 religione.
874 1146 983 1214 Primo
1004 1169 1102 1236 gens,
1126 1170 1224 1236 quum
1244 1148 1352 1216 Deum
1376 1149 1419 1214 0.
1439 1146 1504 1228 bb,
1527 1167 1624 1233 quem
1647 1161 1757 1214 mente
1780 1149 1951 1234 animoque
1972 1145 2124 1231 baberet,
2145 1153 2280 1216 notioni·

448 1281 511 1346 bne
532 1275 699 1358 concipere
727 1265 845 1347 vellet,
876 1264 971 1329 fuoile
994 1286 1032 1329 eu
1055 1267 1221 1351 peruenit,
1257 1279 1293 1332 vt
1320 1279 1468 1331 naturum
1489 1265 1632 1329 diuinum
1655 1287 1700 1330 ex
1724 1265 1877 1350 operibus
1897 1265 2017 1332 diuinis
2038 1287 2227 1354 cognoauere
2242 1281 2278 1334 et

448 1395 585 1466 definire
607 1387 773 1463 studeret,
810 1385 930 1472 quippe
951 1403 998 1449 ex
1018 1381 1109 1449 eoelo
1131 1395 1164 1448 et
1185 1397 1344 1450 terrerum
1368 1381 1457 1450 orbe.
1500 1382 1570 1448 lem
1599 1403 1697 1471 quum
1721 1383 1961 1451 vieissitudiues
1983 1385 2019 1450 in
2038 1403 2146 1450 rernm
2168 1397 2278 1452 aarum

449 1537 471 1582 e
489 1509 582 1580 eoelo
602 1506 743 1594 pandere
765 1503 909 1576 videret3
937 1503 1076 1587 primum
1097 1503 1239 1568 enimurn
1262 1502 1402 1568 aduertit
1424 1502 1466 1566 ud
1486 1522 1623 1588 eorpora
1643 1501 1813 1584 eoelestis,
1837 1503 1988 1568 uiarim
2008 1501 2136 1584 Solem,
2156 1501 2279 1567 Lunam

449 1649 485 1701 et
504 1630 646 1715 reliquos
660 1624 802 1710 quinque
822 1617 986 1708 planetas,
1008 1617 1120 1684 stelles
1142 1617 1231 1686 fixas
1257 1634 1354 1708 atque
1376 1619 1520 1698 Zodieui,
1543 1641 1638 1706 quem
1659 1619 1756 1686 Lena
1779 1633 1895 1706 sponte
1915 1619 1992 1686 anni
2015 1619 2152 1686 decursa
2169 1619 2278 1685 diuite-

449 1765 519 1832 με,
547 1741 714 1810 dnedeeim
736 1751 856 1823 partes.
898 1735 968 1802 lem
990 1740 1184 1822 eomperatia
1202 1735 1326 1806 viribus
1348 1735 1542 1820 eoeleatibua
1563 1760 1635 1804 ιιιι
1657 1737 1864 1804 terrestribus
1884 1735 2113 1816 inueniebent,
2148 1739 2232 1802 v'nes
2251 1749 2282 1800 et

447 1866 617 1938 fneultema
639 1857 704 1924 liei
725 1877 798 1920 ease
819 1855 938 1917 veriat.
982 1851 1076 1918 Alius
1097 1855 1182 1919 enirn
1203 1858 1250 1935 Q,
1275 1851 1339 1921 elia
1364 1862 1406 1936 2,
1429 1853 1512 1920 elius
1534 1863 1569 1939 ιι,
1591 1856 1656 1922 eliu
1679 1865 1723 1938 9,
1750 1853 1804 1920 elii
1826 1859 1879 1942 (ᾗ,
1908 1861 1954 1937 tt,
1984 1856 2036 1940 ῆι
2056 1854 2123 1920 elia
2141 1855 2284 1946 ebiduut

448 1991 484 2068 Θ
504 1989 572 2066 ,p
594 1987 619 2060 9
644 1995 716 2040 eum
732 1972 843 2058 Signis
861 1971 971 2036 vernis
991 1971 1164 2055 ooniuneti,'
1180 1971 1244 2037 elie
1266 1991 1338 2036 oum
1361 1973 1611 2056 autumnalibus,
1629 1973 1782 2039 eliseum
1806 1976 1953 2058 aestiuis,'
1965 1971 2030 2038 alia
2049 1993 2124 2036 eum
2141 1971 2283 2038 bibernis

449 2115 484 2169 et
504 2101 551 2165 rie
569 2115 681 2182 porro.
723 2091 806 2156 ltern
829 2088 894 2154 elia
914 2091 966 2154 vis
988 2093 1129 2155 eernitur
1152 2092 1186 2154 in
1209 2087 1388 2171 montibus,
1420 2089 1484 2155 elie
1506 2093 1541 2156 in
1561 2089 1717 2166 vullibea3
1750 2093 1826 2178 quin
1846 2089 1984 2176 singulis
2002 2102 2139 2154 neturus
2160 2093 2198 2156 iu
2218 2109 2287 2177 par·

451 2213 538 2282 tibus
559 2209 643 2276 ellae
664 2211 751 2275 vires
772 2219 847 2274 sunt
867 2205 1025 2290 effieueer,
1048 2206 1158 2273 veluti
1171 2209 1205 2273 in
1229 2220 1433 2293 tempestate,
1454 2205 1577 2294 pinio,
1598 2209 1700 2274 variis
1720 2205 1926 2285 animalibus,
1947 2205 2130 2289 arboribus,
2151 2207 2286 2274 bomiul-

452 2338 532 2417 bus,
556 2330 723 2396 hominurn
744 2324 903 2413 partibus.
948 2327 1038 2413 Ergo
1061 2323 1287 2390 eonoluaerunt
1314 2323 1545 2408 neturelistae,
1574 2325 1745 2392 leoultates
1768 2339 1802 2390 et
1829 2328 1968 2392 virtutes
1985 2325 2055 2392 Dei
2077 2346 2149 2392 ease
2171 2327 2285 2391 varin.

452 2447 678 2532 Quamebeter
700 2446 822 2530 iteque,
845 2445 1007 2530 quomodo
1029 2443 1131 2508 diuidi
1154 2440 1318 2508 deberent.
1362 2441 1470 2520 Quum
1493 2458 1652 2509 terrerum
1672 2444 1784 2510 orbern
1803 2443 1945 2530 pendere
1968 2443 2117 2510 viderent
2136 2466 2158 2508 e
2178 2464 2287 2530 eorpu-

450 2569 540 2636 rlbne
561 2560 772 2640 eoelestibue3
796 2580 894 2647 quum
916 2573 1039 2648 septem
1055 2559 1217 2648 planetae,
1237 2581 1349 2626 ornnes
1369 2564 1455 2627 inter
1474 2582 1511 2627 se
1525 2560 1658 2644 diuersi,
1681 2561 1848 2649 archetypi
1865 2573 2074 2628 eernerentur
2088 2562 2287 2626 tenemium

450 2707 569 2767 rerum,
583 2683 624 2748 ed
645 2693 779 2746 neturus
800 2678 1005 2766 planetarum
1026 2679 1357 2746 accommodatarum:
1381 2699 1424 2744 an
1446 2681 1737 2760 imitamentum
1757 2681 1885 2744 diuinus
1897 2681 2070 2746 seeundum
2082 2678 2288 2764 planetarum

451 2823 620 2872 numerum
635 2813 668 2863 et
683 2799 898 2884 proprietates
910 2798 1012 2862 inisse
1027 2795 1150 2860 diuisos
1163 2809 1197 2860 et
1211 2795 1408 2881 descriptori
1427 2795 1517 2862 Nibil
1530 2795 1700 2862 sublimius
1716 2799 1884 2884 magisque
1899 2809 2067 2883 argutum
2077 2793 2168 2873 Sole;
2184 2813 2287 2879 quere

451 2921 647 2988 uouueniunt
661 2919 708 2994 Q,
724 2935 931 3001 quaeeunque
952 2916 986 2979 iu
1008 2935 1117 2979 rerum
1136 2927 1253 2978 nature
1270 2926 1345 2978 sunt
1364 2913 1515 2980 sublimia
1534 2928 1568 2979 et
1589 2915 1736 3002 granum,
1751 2917 1799 2980 vti
1821 2917 1953 2996 eonion,
1968 2913 2102 2993 tulum,
2118 2911 2196 2992 dies,
2216 2908 2285 2992 leo,

452 3051 576 3116 taurus,
598 3033 758 3118 prinoeps‚
780 3029 914 3117 Signum
931 3039 983 3118 gp,
1008 3033 1043 3096 in
1062 3051 1127 3117 quo
1149 3036 1185 3110 Q
1206 3033 1352 3096 maxime
1371 3031 1470 3096 velet.
1511 3030 1590 3097 Post
1609 3039 1647 3110 Q
1666 3037 1813 3100 munina
1834 3045 1885 3116 eet
1910 3038 1954 3111 2,
1977 3031 2037 3098 sed
2057 3032 2160 3096 ηἰιιιιι
2176 3025 2287 3114 splen·

453 3157 551 3229 dene‚
578 3151 747 3236 magisque
775 3147 933 3220 seminent
971 3167 1070 3231 quare
1096 3154 1124 3224 ὶ
1149 3159 1200 3212 ιιι
1220 3147 1402 3232 symbulum
1421 3169 1532 3215 rerum
1552 3162 1628 3235 port
1647 3150 1772 3216 solares
1792 3151 2028 3230 maximorum,
2056 3149 2105 3212 vti
2127 3147 2218 3234 Signi
2235 3152 2291 3226 05,

452 3291 583 3350 veeste,
603 3265 738 3331 leueuue
759 3279 856 3350 etque
876 3265 1030 3350 emulum,
1056 3285 1139 3349 quae
1161 3265 1412 3330 vicissitudinem
1433 3266 1571 3332 similent
1594 3275 1622 3344 ὶ
1645 3270 1821 3354 potiuntur.
1854 3266 2010 3334 l'lnnetue
2037 3267 2078 3350 li,
2102 3267 2158 3352 qai
2178 3263 2295 3330 eeleri-

453 3401 541 3469 tete,
567 3385 802 3464 immutantis,
827 3381 1027 3445 discursione
1049 3403 1086 3445 ee
1106 3380 1323 3464 dexteritate,
1352 3385 1506 3449 eumitetu
1528 3391 1563 3460 Θ
1584 3386 1720 3472 insignia
1742 3399 1811 3469 eet,
1839 3383 2035 3470 respondent
2055 3403 2109 3448 res
2129 3385 2166 3448 in
2187 3401 2296 3448 rerum

453 3517 571 3572 nuture
592 3499 732 3581 similes,
755 3511 792 3565 et
814 3498 971 3581 aniculus,
996 3500 1188 3576 dexteritas,
1210 3501 1378 3585 cogitatio,
1402 3502 1577 3586 sepientes,
1593 3504 1744 3570 ministri.
1785 3502 1832 3569 Δι
1852 3507 1897 3588 ῼ,
1918 3513 2008 3566 motu
2031 3498 2141 3582 celeri,
2165 3498 2300 3567 amabili

453 3621 640 3708 vespertino
660 3615 781 3682 lumine
802 3614 1028 3702 resplendens,
1051 3615 1137 3681 baud
1159 3614 1316 3682 absimilis
1342 3624 1394 3695 2,
1415 3617 1536 3684 hebeat
1555 3590 1688 3687 neeesse
1707 3633 1760 3686 eat
1781 3618 1845 3686 eibi
1871 3615 2053 3700 simillime,
2076 3616 2302 3704 pululrerriruu

455 3758 611 3826 quaeque,
632 3754 792 3811 emorose,
813 3733 989 3817 eunieulus,
1012 3731 1205 3799 uoluminum.
1249 3731 1472 3815 turbulente,
1495 3735 1610 3820 rutilo,
1632 3756 1670 3802 ae
1691 3757 1820 3802 summo
1838 3739 1963 3822 impetu
1981 3757 2042 3822 per
2064 3749 2154 3801 ostra
2176 3738 2301 3802 disour·

455 3855 539 3921 rentl
557 3857 596 3939 ἆ
613 3851 808 3917 ounueninnt
829 3851 947 3916 similia
968 3865 1127 3916 terrerum
1144 3853 1180 3916 in
1199 3849 1280 3918 orbe
1299 3864 1333 3918 et
1352 3855 1421 3919 vite
1441 3853 1604 3936 bumana,
1628 3855 1727 3921 fortio
1748 3875 1919 3940 quaeque„
1934 3865 2080 3941 eruent,
2103 3857 2302 3940 pernioioan.

455 3971 605 4058 [leuique
625 3970 666 4034 ad
693 3974 727 4046 it
750 3987 885 4052 manem
908 3991 946 4034 ue
966 3972 1197 4056 compositum,
1227 3971 1453 4055 maiestesunr,
1474 3971 1645 4058 splendore
1665 3977 1706 4056 Θ
1725 3971 1883 4049 similem,
1906 3984 2005 4058 utque
2033 3972 2074 4036 ed
2103 3972 2128 4056 ᾖ
2157 3972 2308 4054 lentona,

454 4093 602 4177 pigrum,
633 4083 805 4152 obaemum
829 4107 868 4152 ee
895 4085 1050 4173 pellidum
1072 4087 1242 4154 referende
1266 4101 1342 4154 aunt
1362 4109 1572 4176 quaeeunque
1601 4101 1773 4156 eernuntnr
1786 4101 1914 4154 notura
1939 4089 1994 4156 bis
2014 4087 2131 4155 similis
2151 4091 2195 4172 (p.
2211 4092 2311 4173 58.).

455 4207 544 4291 Ergo
564 4223 659 4285 vere,
687 4223 787 4290 quum
814 4205 952 4268 virtutes
978 4202 1180 4289 planetarum
1207 4208 1242 4270 in
1266 4228 1374 4272 rerum
1395 4222 1514 4274 natura
1540 4211 1763 4294 reperiantur,
1794 4205 1943 4291 symbols
1968 4227 2076 4272 rerum
2095 4200 2315 4270 naturalium

455 4335 534 4390 snut
553 4335 678 4408 septen
700 4320 859 4408 planetae.
902 4319 1009 4386 'l'utue
1030 4321 1116 4384 enim
1137 4323 1276 4390 muudus
1296 4307 1500 4390 diuidebatur
1521 4329 1607 4392 inter
1626 4326 1792 4414 planetae,
1811 4337 1896 4390 teste
1916 4321 2088 4404 Cioeruue,
2109 4317 2314 4402 Clemente,

457 4439 600 4508 Eusebio
617 4439 665 4524 (p.
683 4437 766 4526 ⁷9.).
807 4438 893 4520 Hine
911 4451 999 4504 reete
1020 4437 1240 4521 natural‘ntue,
1263 4453 1386 4527 septen
1409 4445 1549 4509 virtutes
1569 4443 1952 4510 «trutmoonsutuerum
1970 4437 2148 4504 reuredum
2167 4453 2315 4525 septem

458 4553 660 4642 plunsterum
680 4557 906 4642 proprietates.
949 4555 988 4622 ln
1017 4553 1069 4623 luis
1091 4556 1173 4623 nihil
1199 4557 1268 4624 lere
1290 4557 1479 4627 offensionis
1504 4573 1565 4626 est.
1608 4558 1858 4627 Venerebentur
1877 4562 1916 4640 Q
1936 4547 2032 4641 nique
2054 4575 2110 4620 ret
2131 4557 2167 4620 iu
2186 4575 2316 4622 rurum

457 4685 575 4745 nemra
594 4673 725 4758 viteque
748 4671 890 4740 humone
909 4673 1031 4740 similes
1059 4695 1119 4740 eeu
1141 4673 1321 4760 symbulum
1342 4677 1520 4743 meiestutis
1541 4665 1688 4758 diuinee;
1716 4673 1943 4766 significabunt
1963 4674 2048 4760 ipsia
2068 4677 2094 4751 b
2113 4671 2316 4760 benignita-

459 4801 524 4856 tem
545 4807 715 4866 summum,
746 4790 769 4870 i}
794 4793 987 4876 sapientiem
1008 4805 1041 4860 et
1056 4795 1314 4880 prouidentiam,
1335 4799 1360 4880 2
1381 4795 1583 4860 sanctitatem
1607 4808 1641 4860 et
1651 4815 1822 4877 onorem,
1842 4794 1869 4870 ἃ
1887 4791 2156 4878 omnipotentiam
2175 4801 2213 4854 et
2236 4789 2322 4855 lor-

460 4905 648 4989 titudinenr,
686 4913 721 4987 21.
748 4911 962 4976 constentiam
984 4923 1018 4976 et
1045 4913 1259 4999 grauitatem,
1297 4911 1323 4994 ι)
1350 4933 1422 4978 eum
1451 4909 1555 4980 rebus,
1569 4911 1718 4978 omnibus
1740 4909 1902 4979 similibus
1922 4909 2067 4974 diuinera
2083 4907 2256 4972 iustitium
2283 4921 2321 4972 et

459 5021 626 5088 altionem.
676 5023 747 5090 lem
777 5047 797 5090 e
826 5027 984 5094 diuisione
1011 5031 1166 5096 virtutum
1194 5029 1376 5096 diuinarum
1402 5041 1537 5096 ventum
1567 5029 1683 5096 estad
1708 5029 1968 5096 ιιιὶιιιιιίιιιιιιι.
2016 5019 2182 5090 Videbunt
2214 5030 2320 5092 enin

458 5134 608 5226 symbola
628 5143 861 5225 proprietatum
884 5145 1066 5216 diuinorum
1087 5162 1155 5214 tum
1178 5145 1348 5231 eoelestia,
1378 5162 1446 5214 tum
1467 5149 1634 5214 terrestria
1654 5149 1740 5212 inter
1760 5166 1796 5210 se
1817 5163 1977 5232 pugnero.
2017 5141 2107 5227 Ergo
2130 5139 2319 5206 meerm-

460 5269 548 5340 runt,
563 5257 652 5324 vires
665 5267 788 5342 septem
799 5260 836 5324 iu
854 5262 993 5346 planetis
1009 5278 1105 5350 atque
1118 5268 1152 5330 in
1166 5263 1264 5330 rebus
1275 5264 1432 5332 similibus
1453 5279 1487 5332 et
1503 5265 1618 5332 dioneia
1636 5266 1717 5351 ipsis
1731 5259 1880 5328 effieeeea
1899 5281 1970 5328 ease
1992 5257 2127 5324 totidem
2140 5276 2327 5343 penum
