4882 6098
880 569 965 586 ·-
1021 525 1104 607 313
1162 545 1248 592 -·-·

1001 763 1036 880 d.
1067 774 1107 852 9.

270 931 389 1020 Ordo
420 925 493 1012 lll.
520 927 874 1014 obseruationum
898 930 1286 1018 astronomicarum
1314 963 1341 1019 a
1367 935 1589 1020 veteribus
1616 936 1839 1050 Aegyptiis
1971 988 1976 1029 2

898 1073 1221 1182 descriptarum,

491 1267 670 1366 Pupymt
687 1268 886 1363 fimerolr'r
912 1269 953 1341 iu
978 1271 1112 1344 Museo
1137 1270 1393 1344 &Hermondt'
1413 1284 1625 1348 ceromata.
1745 1367 1749 1374 ι

176 1421 381 1540 Βιιιιὶριίοιι
405 1451 446 1516 de
466 1449 614 1538 l'Egypte
635 1451 713 1518 vol.
728 1450 772 1517 V.
793 1451 842 1517 Pl.
857 1459 908 1520 tt.
929 1453 1001 1539 Fig.
1016 1459 1048 1520 7.
1070 1431 1147 1524 Vid,
1170 1451 1254 1520 Tab.
1271 1455 1336 1521 lx.
1359 1456 1439 1522 Litt.
1455 1457 1494 1522 Α.
1510 1455 1548 1522 Β.
1566 1456 1605 1524 C.
1628 1458 1724 1524 huius
1748 1461 1929 1528 voluminis.
1973 1467 1976 1474 ’

858 1641 886 1714 l·
919 1639 1248 1715 Introductt'o.

216 1792 294 1858 Hoc
312 1800 590 1856 monumentorum
622 1791 906 1854 astronomicoruru
931 1811 1033 1876 genus
1056 1811 1095 1854 eo
1118 1789 1288 1878 praecipue
1313 1792 1420 1856 differt
1442 1817 1461 1857 a
1483 1797 1711 1882 superioribus,
1735 1800 1819 1887 quod
1844 1799 1972 1867 breuia

137 1911 269 1979 zodiaci
289 1908 389 1995 Signa
409 1919 582 1994 partesque
603 1905 746 2000 minores
769 1904 939 2000 describit,
970 1906 1143 1994 inquibus
1174 1920 1297 1994 septem
1321 1906 1468 1994 planetae
1495 1916 1614 1976 versati
1637 1917 1712 1981 sint.
1755 1915 1840 1981 Hine
1864 1921 1974 2004 paucis
2047 1969 2051 1975 .

138 2025 284 2095 retribuo
311 2026 452 2091 omnium
481 2021 685 2108 planetarum
713 2021 785 2087 loca
812 2022 1004 2087 indicantur.
1054 2021 1140 2088 Hine
1168 2024 1300 2087 eaedem
1329 2024 1455 2112 figurae
1488 2027 1528 2090 ad
1558 2028 1666 2090 vadas
1693 2027 1824 2098 Zodinci
1854 2052 1972 2119 partes,
2072 2111 2078 2120 ι

138 2148 254 2234 quippo
273 2144 372 2208 vari'rs
392 2143 427 2207 in
448 2140 556 2226 Signis
575 2139 690 2204 iisdem
711 2139 862 2204 Dominis
883 2140 1078 2226 adscriptae,
1104 2121 1332 2225 exprimen'das
1355 2142 1555 2208 adhibentur.
1598 2143 1683 2209 Hinc
1706 2169 1805 2212 naues
1828 2164 1974 2217 astrono-

139 2269 237 2332 micae
259 2275 315 2327 eut
337 2260 505 2346 nuspiam,
531 2271 588 2322 aut
608 2259 771 2322 rarissime
794 2269 1013 2340 exponuntur.
1057 2255 1143 2320 lliue
1170 2261 1301 2322 nomina
1322 2262 1487 2324 numinum
1510 2261 1751 2348 hieroglyphice
1775 2269 1976 2332 omittuntun
2013 2245 2031 2255 Ἢ

138 2385 186 2450 Eo
209 2393 317 2446 autem
338 2377 447 2440 differt
469 2373 529 2438 boo
550 2395 652 2460 genus
674 2395 694 2438 a
714 2373 868 2460 proxima
894 2375 1087 2458 scriptorum
1118 2379 1404 2441 astronomicorum
1429 2371 1550 2452 classe,
1586 2379 1668 2463 quod
1692 2380 1839 2466 planetas
1862 2400 1893 2447 et
1916 2409 1974 2452 uu-

138 2503 226 2568 mina
244 2489 447 2574 Zodiaealia,
469 2513 533 2556 nou
552 2488 654 2556 literis
677 2492 773 2554 ureris
795 2487 1061 2576 hieroglyphieis,
1084 2491 1141 2554 sed
1167 2496 1331 2558 numinum
1354 2492 1588 2577 Aegyptiorum
1609 2493 1786 2562 simulacris
1809 2483 1973 2588 exprimit.

136 2617 243 2684 Huius
261 2613 388 2700 generis
410 2621 484 2674 sunt
508 2609 621 2693 papyri
642 2605 810 2672 iuuerales
832 2603 1016 2694 pleraeque,
1039 2605 1137 2692 vrrlgo
1159 2607 1328 2696 liturgicae
1353 2609 1468 2672 diotae.
1514 2606 1586 2683 Quo
1610 2631 1653 2672 ex
1671 2613 1782 2677 ordine
1806 2631 1855 2679 est
1876 2622 1972 2683 etiam

136 2753 277 2824 papyrus
299 2724 535 2806 renouando,
568 2737 604 2788 vt
630 2725 738 2786 stetim
771 2722 959 2788 videbimus.
1008 2723 1195 2809 Lougitudo
1225 2728 1336 2811 papyri
1368 2729 1591 2788 est=1m20
1612 2725 1803 2812 (sumu),
1834 2731 1972 2800 altitudo

136 2877 181 2916 =
194 2857 239 2916 (ιῐῦ
253 2855 306 2914 24.
328 2842 478 2932 (8010);
504 2841 588 2904 rude
610 2839 748 2917 clarum,
767 2853 911 2905 nostrum
933 2841 1119 2928 exemplum
1139 2857 1189 2907 ter
1207 2846 1334 2908 circiter
1355 2843 1510 2905 minorem
1534 2863 1606 2907 esse
1626 2845 1837 2932 autographo.
1882 2850 1971 2914 Lite-

135 2991 213 3046 rae,
234 2987 316 3052 quae
337 2964 371 3026 in
397 2957 598 3045 autographo
619 2955 826 3022 rubrumento
847 2959 986 3044 scriptae
1008 2973 1181 3043 apparent,
1205 2961 1371 3025 nostruin
1391 2955 1521 3024 'l'abula
1543 2981 1720 3044 expressae
1741 2975 1816 3027 sunt
1837 2969 1972 3049 punctis.

134 3077 426 3160 Tusculanum,
447 3075 493 3141 V.
517 3073 570 3154 C„
593 3095 733 3161 papyrus
755 3073 982 3157 d'llerutuadt',
1008 3099 1103 3164 quam
1124 3077 1165 3140 de
1185 3076 1287 3142 Reut‘I
1306 3097 1377 3140 cum
1401 3075 1578 3141 editoribus
1601 3077 1719 3164 Operis
1740 3079 1974 3170 Francogallici

132 3197 398 3280 communicarit,
418 3195 657 3258 accuratissime
681 3189 840 3277 descripte
861 3192 923 3258 fuit
944 3195 979 3258 in
999 3192 1128 3259 Tabula
1148 3194 1243 3260 diota.
1289 3191 1440 3260 Ceterum
1466 3192 1653 3260 Thebarum
1675 3199 1766 3288 regio
1781 3201 1850 3265 eius
1869 3203 1976 3288 patria

133 3339 218 3386 esse
239 3313 379 3380 videtur.
420 3308 472 3373 De
494 3305 621 3394 reliquis
644 3329 708 3372 nou
731 3321 867 3375 constat.

775 3499 816 3570 ll.
848 3497 1134 3596 duplicatio
1153 3503 1341 3604 papyri.

211 3654 359 3726 donabit
387 3665 460 3717 ante
488 3654 597 3716 omnio
621 3650 752 3738 regulas
780 3651 970 3736 praefinire,
1001 3655 1147 3742 adquae
1178 3655 1258 3722 baec
1278 3659 1443 3742 inscriptio
1466 3659 1677 3721 astronomica
1698 3659 1741 3719 sit
1769 3653 1971 3741 explicanda.

126 3777 302 3858 Qarumuis
329 3791 468 3860 papyrus
496 3783 614 3834 'nostru
651 3769 781 3834 dillcrre
816 3771 965 3834 videatur
993 3793 1012 3835 a
1040 3772 1261 3860 superioribus
1296 3775 1510 3838 monumentis
1532 3772 1771 3846 astronomicis;
1807 3774 1976 3860 apparebit

125 3915 266 3975 tamen,
290 3891 358 3956 iere
379 3887 460 3954 nihil
482 3909 553 3952 eam
571 3885 618 3951 eb
640 3885 705 3950 illis
724 3885 854 3951 differre
874 3887 983 3954 indole
1005 3910 1075 3954 ιιιιι.

226 4009 252 4076 l.
275 4008 417 4095 Figurae
440 4027 497 4091 per
519 4018 621 4070 totum
643 4015 798 4089 papyrum
822 4008 991 4091 expositae
1016 4029 1079 4073 uon
1108 4021 1183 4072 sunt
1203 4007 1264 4069 uisi
1287 4007 1308 4068 7
1333 4003 1481 4089 planetae
1503 4016 1601 4090 atque
1623 4001 1752 4067 Zodiaci
1773 4018 1883 4091 partes
1903 4029 1975 4072 curu

124 4127 279 4215 planetis
302 4126 427 4189 ratione
449 4121 586 4209 quadam
609 4126 818 4202 coniunctae,
848 4143 930 4207 quae
959 4125 1025 4190 viru
1057 4121 1349 4210 apotelesmaticam
1382 4119 1538 4187 haberent
1558 4123 1590 4184 iu
1621 4123 1770 4207 genitura
1801 4125 1977 4189 sacerdotis

119 4243 304 4310 σιιὶιιιιιιιιι
329 4241 484 4328 Aegyptii
506 4241 539 4303 in
562 4241 708 4325 margine
731 4240 897 4302 nominati.

229 4357 272 4425 ll.
297 4360 449 4424 muneras
472 4359 698 4444 exprimuntur
719 4354 833 4443 liguria
862 4359 1006 4421 maxime
1026 4355 1207 4444 insignibus
1228 4354 1317 4439 (Lin.
1331 4352 1374 4421 A.
1390 4359 1421 4420 8.
1437 4352 1467 4418 b.
1483 4375 1518 4429 o;
1541 4355 1571 4418 7.
1586 4350 1624 4428 b;
1646 4357 1677 4418 6.
1693 4351 1731 4434 b;
1752 4355 1783 4417 5.
1800 4373 1833 4428 ις
1849 4353 1888 4419 Β.
1902 4364 1933 4421 4.
1951 4379 1978 4421 e.

113 4504 152 4546 e.
179 4477 227 4555 b3
255 4483 294 4550 ις
317 4479 352 4554 5;
374 4475 413 4542 C.
429 4479 464 4550 73
483 4473 541 4558 t.),
562 4487 600 4540 ιι
621 4473 755 4561 reliquie
774 4475 809 4539 in
825 4471 976 4540 ''l'ebnlia

226 4591 293 4658 lll.
314 4591 434 4657 'ilibus
457 4594 493 4656 in
522 4589 670 4670 versibus
691 4589 748 4676 (A.
762 4589 802 4656 Β.
820 4587 871 4674 C.)
899 4593 1102 4657 eontinentur
1123 4589 1255 4658 Domini
1278 4588 1460 4668 Domuum,
1492 4583 1727 4671 Trigouorum,
1755 4586 1979 4670 Deouriarnm,

107 4714 337 4792 Horitarum,
359 4703 701 4774 Dod'co'ateuroriorum
728 4718 761 4770 et
780 4705 965 4774 Moeramm
991 4731 1064 4774 curn
1086 4713 1107 4774 7
1128 4709 1265 4796 planetis
1286 4709 1544 4785 coniunctorum,
1567 4715 1603 4767 ιι
1624 4700 1786 4791 reliquis·
1777 4727 1811 4769 ιιι
1833 4702 1981 4771 Tabulis.

225 4825 292 4892 IV.
315 4825 545 4911 Horoscopus,
568 4827 638 4891 siue
660 4825 794 4910 Signum
817 4827 942 4908 odeas,
967 4847 1062 4912 quum
1085 4829 1121 4904 Θ
1143 4825 1319 4907 occideret,
1341 4817 1497 4907 singulari
1518 4817 1591 4885 loco
1612 4821 1873 4909 iudicaturffld
1878 4825 1984 4909 .,vt)

102 4943 309 5032 reliquie
301 4963 334 5006 ra
356 4940 505 5006 Tabulis

223 5057 279 5124 V.
300 5057 476 5142 Planetue,
510 5060 565 5144 qui
595 5057 635 5123 ab
652 5054 728 5122 'alin
757 5055 976 5142 adspiciuntur
1003 5057 1128 5120 ratione
1149 5063 1180 5132 Δ
1204 5069 1237 5120 et
1267 5059 1323 5138 [],
1354 5069 1514 5142 ponuntur
1544 5076 1616 5120 curu
1645 5078 1684 5120 eo
1714 5057 1786 5140 ipso
1816 5051 1962 5121 eadem'
1953 5079 1986 5121 ιιι

92 5185 244 5261 linea,
284 5180 329 5242 ita
360 5192 398 5242 vt
420 5177 657 5264 coniungantur
682 5177 749 5240 suis
774 5195 846 5241 coru
871 5171 1101 5260 Oeeodespotis
1132 5185 1165 5239 et
1186 5170 1475 5260 ‘l’rigonodespotis
1496 5173 1551 5258 (A.
1567 5177 1640 5238 8.7.
1654 5178 1685 5239 6.
1703 5175 1767 5260 5.),
1801 5185 1836 5239 ιι
1858 5173 1990 5262 reliquls

92 5309 135 5368 in
165 5295 363 5366 Tabulis.-
471 5293 475 5301 “
1528 5377 1555 5443 B

1569 5401 1583 5443 r
