4882 6098
1583 847 1806 934 signficatur

386 1057 663 1132 Boemnstrtceir
685 1066 832 1134 etoultri
963 1071 1001 1138 F.
1017 1081 1067 1145 11.
1400 1073 1534 1143 Planeta
1556 1083 1589 1144 in
1616 1095 1706 1160 ιη’
1832 1065 1837 1076 ’

963 1168 1002 1239 C.
1023 1181 1073 1240 13.
1088 1199 1121 1262 g.
1139 1178 1172 1244 h.
1290 1259 1295 1266 ,
1398 1177 1680 1268 Trigonodespota
1703 1196 1742 1256 Υ

961 1274 1057 1352 Ε.1;
1080 1277 1123 1342 K.
1139 1285 1170 1346 2.
1398 1278 1512 1344 Maera
1535 1296 1567 1361 1η
1591 1290 1678 1350 eti(

294 1377 295 1382 ’
384 1367 513 1457 Captini
533 1367 627 1458 ligati
991 1381 1039 1442 ,6
1088 1362 1095 1380 ’
1397 1381 1662 1464 Ηοιίοοιιιιοιπῑ

383 1471 943 1564 lsisVenusVrauiacapillislongis
961 1474 1003 1539 D.
1020 1423 1051 1542 5:
1068 1482 1099 1541 6.
1398 1480 1540 1546 Decuria
1562 1488 1593 1546 Χ

381 1571 498 1638 Mensa
710 1637 718 1651 ,
777 1586 789 1605 ·
961 1575 1003 1641 Υ.
1020 1599 1053 1642 ιι.
1397 1580 1688 1651 llodecatcmorion
1711 1598 1753 1654 ὲ

257 1922 421 1998 Sufficiant
446 1927 527 1994 haec
544 1931 719 2017 specimina
743 1929 869 1998 ordinis
887 1936 1080 2022 scriptorum
1103 1940 1404 2022 astronomicarum,
1430 1941 1683 2026 quamprimum
1711 1943 1853 2008 diximus
1886 1946 2004 2031 quique

173 2071 213 2115 eo
234 2071 254 2113 a
276 2047 407 2134 reliquis
427 2045 551 2123 differt,
581 2047 687 2137 qnod,
717 2051 766 2112 rti
787 2053 945 2117 monitum
966 2063 1031 2134 est,
1062 2051 1134 2117 loca
1161 2053 1363 2141 planetarum
1389 2052 1552 2141 prolixius
1577 2055 1727 2120 describit
1748 2071 1844 2144 atque
1865 2059 2005 2144 nauigiis

175 2165 394 2236 astronomicis
416 2161 567 2228 abundat·
611 2163 663 2230 Ad
695 2165 828 2231 eandem
859 2166 942 2232 hanc
969 2182 1250 2235 monumentemm
1271 2171 1505 2257 Aegyptiorum
1539 2170 1673 2235 classem
1701 2176 1863 2258 pertinent
1884 2173 2004 2240 multae

172 2283 253 2350 alias
274 2284 498 2368 inscriptiones
520 2277 624 2344 adhuc
645 2258 866 2347 conseruatae.
909 2283 1053 2349 Exstant
1084 2288 1171 2350 enim
1197 2288 1231 2350 in
1253 2286 1402 2374 Aegypta
1431 2285 1551 2372 templa
1582 2301 1615 2352 et
1642 2287 1707 2352 alia
1728 2289 1893 2372 aedificia,
1922 2311 2005 2377 quae
2035 2281 2039 2290 ⁸

171 2423 252 2467 nunc
273 2404 311 2465 in
329 2395 556 2480 lacunaribus,
580 2416 665 2460 nune
683 2397 717 2463 in
738 2397 935 2484 parietibus3
960 2415 1027 2466 tum
1048 2401 1200 2484 internis,
1224 2416 1292 2469 tum
1312 2403 1475 2486 externis,
1498 2401 1741 2471 obseruationes
1763 2410 2004 2491 astronomicas,

172 2533 257 2584 certo
287 2516 426 2604 quodam
449 2526 594 2601 tompore
614 2512 897 2602 historiae·gratia
916 2519 1101 2601 institutas,
1123 2517 1220 2607 plane
1243 2519 1357 2584 eodem
1378 2519 1493 2600 modo,
1522 2533 1618 2606 atqua
1642 2523 1800 2604 vidimus,
1830 2522 2007 2609 descriptas

173 2650 205 2701 st
225 2633 401 2721 insculptas
421 2633 597 2698 continent.
640 2629 715 2696 Huc
735 2631 890 2697 accedunt
911 2630 1129 2701 Cataoombae
1144 2638 1267 2723 regiae,
1290 2633 1439 2721 hypogea
1461 2649 1493 2698 at
1517 2648 1609 2699 antra
1629 2658 1725 2701 mann
1749 2639 1835 2702 lacta
1856 2641 2006 2724 frequen-

170 2756 310 2830 tissima,
346 2771 449 2838 quae,
483 2762 521 2814 vt
549 2749 789 2836 designationes
813 2751 975 2841 pistorum
1005 2751 1181 2835 testantur,
1215 2753 1438 2839 inscriptiones
1467 2753 1631 2816 continent
1663 2752 1842 2819 simillimas
1873 2755 2003 2819 nostris.

135 2949 141 2954 ,
169 2871 302 2939 Vtinam
324 2868 406 2933 haec
427 2879 636 2934 monumenta
655 2866 800 2950 prolecto
823 2871 1015 2952 grauissima
1037 2871 1079 2934 ad
1093 2869 1280 2952 historiam,
1302 2867 1560 2954 chronologiam,
1585 2867 1836 2956 mythologiam,
1859 2881 2004 2934 astrono-

168 2993 264 3056 miam
287 2999 322 3053 at
340 2984 553 3074 philologiam
568 2980 799 3068 Aegyptiacnm
822 2986 950 3051 omnino
968 2986 1174 3073 corrigendas
1196 2997 1229 3049 et
1248 2985 1451 3050 instruendas
1474 2997 1622 3048 accurate
1644 2997 1678 3050 et
1697 2987 1823 3068 integre
1845 2983 2005 3054 delineata

169 3119 287 3174 ment.
305 3107 311 3118 '
332 3101 427 3179 Quod
456 3091 540 3168 enisu
562 3101 758 3165 recentiores
778 3098 952 3188 particulas
981 3114 1106 3168 tautum
1133 3103 1376 3189 inscriptionum
1405 3099 1516 3162 talium
1546 3102 1831 3163 astronomicarum
1864 3099 2005 3190 descrip-

170 3237 299 3306 serunt,
330 3217 518 3305 ecquidem
539 3215 685 3281 conferre
704 3217 895 3284 studuerunt
914 3217 954 3283 ad
975 3240 1052 3285 rsus
1080 3241 1248 3305 maresque
1268 3232 1413 3279 veterum
1437 3214 1671 3300 Aegyptiorum
1691 3213 1917 3292 illustrandam
1947 3220 2006 3283 sed

170 3343 297 3413 aluum
318 3349 387 3418 est,
417 3331 617 3419 epartienlis
645 3336 888 3421 inscriptionum
911 3335 1024 3404 talium
1052 3333 1189 3435 intelligi
1215 3352 1278 3396 non
1307 3351 1403 3418 posse
1424 3331 1650 3416 grauissimum
1671 3334 1914 3418 inscriptionum
1936 3357 2005 3402 arc·

151 3455 295 3528 'anime
315 3459 400 3540 ἱιιιιι·
421 3473 457 3517 aa
478 3452 714 3518 coniuncturum
735 3465 970 3539 argumentum.
1014 3449 1086 3526 Quia
1107 3447 1147 3510 de
1168 3467 1204 3509 re
1224 3449 1333 3532 potins
1352 3467 1471 3530 operae
1489 3449 1628 3532 pretium
1648 3447 1775 3531 luisset,
1798 3464 1900 3518 totum
1916 3454 2004 3518 nedi-

164 3577 315 3644 ficior'nm
336 3571 559 3657 inscriptorum
588 3568 743 3634 ambitum
769 3568 949 3646 delineare,
980 3583 1092 3626 omnes
1113 3584 1151 3627 sc
1178 3560 1323 3649 singulas
1349 3564 1593 3650 inscriptionum
1621 3577 1731 3649 partes
1751 3586 1814 3630 non
1836 3565 2002 3651 diuellere,

166 3693 227 3761 sed
248 3691 439 3758 coniunctim
458 3684 627 3753 exhibere.
659 3685 753 3760 Quod
771 3691 978 3746 monomenta
989 3677 1195 3766 Aegyptiace
1209 3681 1244 3743 in
1262 3678 1426 3766 Europam
1450 3692 1665 3765 transportata
1684 3681 1808 3757 attinet,
1832 3685 1865 3745 in
1879 3681 2004 3748 Musais

163 3810 371 3897 reperiuntur
391 3826 455 3870 non
477 3805 572 3890 pauci
592 3797 782 3884 sarcophagi
805 3809 838 3863 et
860 3799 1053 3863 mumiarnm
1073 3798 1191 3879 cistae,
1223 3795 1338 3884 quibus
1364 3795 1605 3861 obseruationes
1626 3798 1860 3861 astronomicae
1881 3798 2005 3864 similli-

160 3948 238 3996 mae
259 3925 379 3989 nocuis
398 3921 613 3987 continentur.
655 3915 762 3981 Huius
784 3916 913 4000 generis
941 3925 991 3978 est
1020 3913 1239 4001 sarcophagus
1266 3915 1374 4002 regius
1399 3911 1638 3997 antiquissimus
1656 3915 1862 4001 omniumque
1883 3918 2003 4002 pretio-
2067 3961 2069 3966 .

159 4044 308 4111 ιίιιίιιιιιι
328 4051 361 4102 et
382 4037 674 4125 praestantissimus
698 4029 911 4109 alabastrites,
935 4028 1128 4097 aBelzonio
1149 4033 1312 4113 inuentus,
1336 4050 1420 4092 nunc
1441 4030 1475 4092 in
1497 4025 1612 4093 Museo
1632 4029 1895 4119 Splendidissima
1919 4031 2003 4097 Sao·

162 4166 234 4238 sei,
263 4156 460 4222 architectae
479 4153 715 4233 Londinensis,
744 4159 939 4214 asseruntus.
988 4148 1063 4216 Huc
1091 4153 1253 4236 pertinent
1278 4146 1487 4233 grauissimus
1516 4146 1734 4234 sarcophagus
1760 4152 1870 4237 regius
1896 4149 2003 4218 Musei

161 4273 345 4362 Imperialis
367 4271 564 4336 Viennensis
591 4269 773 4354 granitens3
805 4263 888 4330 alius
917 4285 980 4330 non
1011 4268 1143 4332 minoris
1171 4267 1267 4352 pretii
1296 4263 1511 4350 porphyriana
1536 4286 1555 4328 n
1582 4259 1925 4333 saviniacensium
1957 4292 2003 4335 ex

166 4390 314 4477 Aegypto
338 4390 529 4463 arcessitns;
552 4387 635 4452 alius
655 4388 690 4450 in
711 4382 827 4449 Museo
850 4381 949 4469 Regis
969 4379 1081 4446 Caroli
1101 4383 1148 4448 X.
1171 4384 1322 4457 Parisiis3
1353 4381 1407 4446 elii
1429 4384 1463 4446 in
1487 4380 1610 4446 Museis
1631 4376 1846 4468 Taurinensi,
1868 4384 2002 4471 Lugdu·

162 4509 280 4589 nansi,
301 4503 516 4592 Baralinensi.
557 4505 659 4594 Spero
681 4505 770 4586 lore,
800 4514 838 4568 vt
860 4501 942 4566 haec
964 4513 1170 4566 monumenta
1197 4501 1411 4571 astronomica
1438 4498 1629 4586 grauissima
1650 4496 1821 4584 aliquando
1842 4504 1874 4566 in
1897 4500 2002 4572 lucem

163 4626 306 4690 edantur
326 4621 494 4689 illustrata.
526 4620 607 4698 ,latu
627 4638 800 4710 pergamus
823 4619 865 4683 ed
886 4615 984 4684 alium
1004 4619 1196 4706 scriptorum
1215 4619 1450 4705 Aegyptiorum
1475 4617 1762 4682 astronomicarum
1783 4620 1940 4687 ordinem.

1108 5005 1112 5012 ι
