4830 6102
879 523 1246 605 -351—

137 720 236 807 magis
252 737 352 804 quaer
368 712 569 801 Aegyptiace
592 713 873 802 anthropologieas
890 728 922 780 et
939 713 1090 801 physicas
1109 719 1257 799 potiones
1281 716 1443 780 assumsit.
1465 711 1560 790 Quod
1578 738 1657 782 vere
1676 718 1886 808 genealogias
1899 725 1973 787 etti·

138 850 199 916 net,
215 855 273 900 eea
299 831 475 898 cohaerent
497 852 570 896 cunr
589 829 716 924 placitis
739 835 971 919 cesmegenicis
992 831 1087 920 atque
1109 835 1182 900 ideo
1203 837 1323 922 passim
1345 833 1536 914 iudicantur,
1559 847 1606 916 ιι,
1629 857 1700 900 curn
1725 842 1858 906 numina
1875 853 1973 922 certa,
2011 866 2016 879 ·

137 950 402 1042 quemadmodum
422 950 507 1036 apud
522 951 713 1037 Aegyptios,
732 952 772 1015 ad
788 952 895 1016 varies
916 950 997 1016 coeli
1018 965 1186 1039 terraeque
1207 957 1295 1018 vires
1316 951 1538 1018 aeternitates
1554 955 1747 1037 pertineant,
1762 959 1844 1023 sciat
1860 956 1974 1035 lector,

138 1091 212 1157 quas
231 1068 406 1135 facultates
428 1091 466 1134 ac
487 1089 644 1154 personas
665 1068 790 1133 diuinas
811 1069 949 1155 scriptor
965 1068 1102 1156 singulis
1123 1072 1156 1135 in
1178 1070 1258 1135 locis
1280 1067 1429 1135 habuerit
1450 1069 1485 1132 in
1504 1082 1622 1134 mente.
1652 1071 1753 1158 Ergo
1774 1088 1807 1140 ιι
1829 1073 1975 1140 Graecae

137 1187 352 1274 mythologiae
371 1185 565 1275 principium
586 1185 648 1253 luit
672 1185 912 1274 astrologiam,
934 1187 1004 1252 siue
1027 1185 1290 1275 cosmelogicum,
1317 1187 1371 1254 vel
1394 1189 1804 1276 astronomiae-physicum
1824 1214 1869 1258 ex
1891 1191 1974 1278 legi·

138 1303 194 1370 bus
213 1317 365 1372 veterum
389 1303 601 1392 ashelegicis.

214 1422 302 1489 Hinc
328 1424 416 1488 idem
441 1424 633 1509 principium
662 1435 713 1488 est
739 1421 959 1509 rnythelegiae
987 1445 1114 1511 quoqne
1145 1425 1286 1492 Indicae.
1330 1427 1438 1492 Etiam
1467 1425 1550 1490 hanc
1574 1424 1659 1510 apud
1688 1427 1851 1492 nationem
1881 1449 1974 1514 repe·

136 1544 258 1608 riuntnr
279 1542 409 1606 ordines
432 1541 587 1622 deornm,
615 1541 665 1604 vti
688 1553 833 1622 constat,
856 1540 1041 1608 numinibus
1063 1541 1184 1626 tribus,
1208 1555 1347 1631 reptem,
1366 1545 1552 1626 duodecim,
1578 1545 1695 1630 viginti
1716 1557 1810 1629 ecto,
1837 1531 1973 1631 triginta

136 1681 197 1726 sex
216 1671 410 1740 constantes,
434 1643 551 1744 quibus
571 1657 657 1722 idem
678 1656 889 1744 significatus,
911 1659 995 1724 idem
1014 1661 1083 1726 fere
1101 1660 1241 1744 habitus,
1264 1662 1376 1727 eadem
1399 1664 1539 1748 insignia
1560 1662 1687 1728 adsunt.
1730 1662 1784 1728 Sic
1802 1660 1975 1726 'l'rimurtis

133 1777 212 1843 illa:
233 1773 366 1854 Βιιιιι,
384 1773 533 1852 Visebat,
550 1771 634 1839 sesa
650 1777 838 1860 exprimunt
859 1774 982 1860 cyclum
1000 1779 1075 1842 aeni
1089 1775 1143 1841 vel
1157 1776 1342 1842 Zediaeum.
1370 1777 1478 1854 Qutdt
1502 1780 1587 1866 qued
1602 1779 1676 1844 ludi
1697 1779 1760 1866 ipsi
1781 1779 1973 1856 indicarunt,

134 1890 349 1984 quebodieci
371 1894 510 1979 a'Signe
535 1891 664 1978 ringula
685 1890 767 1956 haec
788 1895 921 1958 numina
943 1895 994 1980 (Θ
1012 1916 1131 1960 vernus
1151 1897 1221 1960 siue
1235 1897 1475 1980 progeneratio,
1498 1899 1639 1961 aestiuus
1661 1899 1731 1962 siue
1755 1897 1970 1978 conseruatio,
2004 1879 2005 1882 Ἴ

135 2012 326 2080 autumnalis
347 2013 418 2076 siue
439 2003 766 2096 contritielregnsre
787 2012 953 2096 incipiant,
977 2033 1059 2098 quae
1079 2014 1173 2077 initia
1194 2025 1423 2099 tempestatum
1443 2014 1638 2078 conueniunt
1659 2035 1731 2079 enm
1751 2013 1969 2102 Aegyptiacis.

133 2133 250 2220 ltaque
269 2128 366 2195 'l'riar
391 2128 503 2194 lndiea
527 2125 608 2193 nihil
629 2147 796 2193 commune
819 2126 1012 2194 babet'cem
1033 2127 1238 2209 Christiane,
1270 2111 1357 2216 qued
1379 2131 1440 2193 viri
1462 2129 1576 2194 mediis
1603 2133 1638 2194 in
1661 2133 1756 2196 terris
1778 2130 1972 2195 Christianis

132 2255 203 2318 nati
223 2249 350 2338 publice
371 2245 564 2312 contendere
588 2265 652 2310 neu
675 2242 871 2327 dubitarunt,
895 2246 953 2310 sed
974 2267 1062 2310 ruera
1086 2260 1136 2312 est
1156 2244 1389 2328 naturalistica,
1409 2245 1462 2311 vel
1485 2245 1690 2333 astrologice.
1732 2247 1892 2314 zodiacus
1915 2246 1970 2312 ln·

132 2371 221 2434 dicus
242 2367 338 2456 plane
361 2367 514 2430 conuenit
537 2385 609 2430 eum
634 2362 836 2449 Aegyptiace
861 2363 1084 2446 discisionibus,
1106 2365 1299 2452 praepositis
1321 2365 1473 2449 partium,
1497 2363 1691 2429 animalibus
1712 2369 1970 2452 praepositorum

130 2485 283 2573 symbolis
306 2481 493 2572 (Transact.
510 2481 547 2546 el
560 2481 615 2546 the
631 2481 671 2547 ll.
687 2480 744 2546 Aa.
761 2479 835 2546 Sec.
852 2479 930 2546 Vel.
947 2481 1009 2548 111.
1026 2483 1062 2548 P.
1073 2482 1100 2548 1.
1117 2480 1201 2548 Tab.
1212 2482 1266 2569 l.).
1309 2478 1432 2558 Milites
1449 2479 1521 2544 Indi
1540 2483 1574 2546 ie
1594 2485 1741 2547 exercitu
1758 2484 1968 2569 Aegyptiace,

131 2629 227 2694 quum
241 2614 450 2670 monumenta
470 2601 671 2686 antiquitatis
692 2597 914 2685 Aegyptiacae
935 2600 1182 2684 conspexissent
1202 2620 1273 2664 curn
1289 2598 1434 2664 Deorum
1448 2596 1656 2685 Dearnmque
1669 2599 1876 2684 imaginibus,
1900 2603 1967 2665 aei·

128 2721 277 2804 malibus,
299 2719 418 2808 plantis
441 2715 576 2804 aliisque
597 2717 695 2788 rebus
716 2719 828 2796 saeris,
848 2737 986 2803 suesque
1002 2714 1091 2781 Deos
1113 2719 1387 2803 recegnenissent,
1411 2727 1499 2780 tanto
1515 2727 1647 2799 stupere
1668 2719 1808 2804 correpti
1826 2718 1967 2799 luerunt,

128 2855 163 2906 ιι
184 2843 334 2927 protinus
355 2857 462 2924 genua
481 2834 649 2902 flecterent
671 2848 769 2922 atqne
789 2855 903 2920 preces
926 2834 1070 2899 lacerent
1091 2847 1257 2921 tamqnam
1276 2855 1353 2899 sues
1377 2833 1416 2898 sd
1439 2831 1540 2897 Deos.

162 3009 179 3036 ,
211 2958 365 3040 Denique
389 2947 483 3018 sie'uti
511 2953 732 3040 mythologice
761 2954 999 3041 Aegyptiacae,
1024 2951 1186 3035 Graecae,
1216 2951 1345 3017 Indicae
1364 2951 1556 3038 principium
1579 2964 1628 3015 est
1651 2951 1906 3040 astrologicam,
1919 2953 1968 3016 ita

123 3091 157 3142 ιι
177 3073 383 3160 reliquarum
403 3072 541 3136 emnium
556 3074 722 3138 nationum
743 3069 919 3159 religiones
940 3093 986 3136 ex
1001 3071 1112 3136 sedem
1133 3070 1225 3135 lente
1239 3069 1437 3156 prodierunt.
1481 3067 1604 3153 Negari
1624 3071 1708 3134 enim
1723 3073 1845 3157 nequit,
1868 3071 1967 3134 etiam
2008 3069 2011 3076 ’

122 3191 218 3279 apud
239 3186 411 3254 Phoenices
433 3202 465 3254 et
486 3187 777 3276 Carthaginenses,
800 3189 899 3274 Syros
922 3201 955 3254 et
975 3189 1131 3273 Astyres,
1155 3190 1304 3271 Asianos,
1324 3188 1451 3268 Persas,
1474 3183 1601 3264 Slauos,
1617 3183 1796 3254 Germanos
1818 3185 1964 3273 aliosque

118 3304 267 3397 populea
282 3305 479 3391 Europaeos,
503 3304 630 3373 Arabes
651 3309 817 3393 antiques,
837 3305 1111 3390 Babylonicum,
1134 3306 1304 3389 Sirenses,
1327 3285 1538 3393 lapanenses,
1560 3301 1765 3389 Maxicanes,
1788 3306 1973 3388 Peruanes,

119 3425 297 3494 Insulanes
325 3422 469 3510 aliosque
497 3426 633 3510 reperiri
655 3424 784 3490 eosdem
804 3423 936 3492 deorum
960 3426 1155 3511 dearumque
1178 3425 1323 3502 ordines,
1353 3409 1468 3488 eadem
1496 3419 1644 3486 ordinum
1666 3423 1828 3506 membra,
1852 3424 1965 3490 eadem

121 3560 179 3610 aut
201 3545 288 3609 idem
310 3539 529 3628 significantia
549 3543 715 3608 numinum
738 3545 869 3608 uomina
892 3554 924 3606 et
943 3545 1152 3629 cognominat
1182 3543 1295 3607 eedem
1318 3540 1507 3623 simulacra,
1529 3543 1680 3628 insignia,
1706 3540 1870 3623 attributa,
1892 3542 1963 3606 ani·

118 3659 227 3728 malis
246 3675 278 3725 et
297 3657 496 3747 vegetabilis
515 3681 607 3725 sacra
627 3662 787 3746 ipserum3
824 3653 954 3726 easdem
978 3663 1145 3725 numinum
1164 3647 1301 3725 virtutes
1326 3674 1358 3725 et
1379 3662 1591 3747 proprietates
1621 3661 1813 3722 coniunctim
1836 3657 1964 3743 praedi·

120 3793 236 3852 catas;
258 3774 369 3840 eedem
389 3775 484 3859 leste,
506 3777 636 3844 eesdem
657 3777 784 3861 mythos
803 3797 923 3859 sacres,
947 3776 1087 3862 fabulas,
1108 3777 1316 3858 traditiones,
1339 3776 1561 3861 cosmogonies
1585 3775 1718 3859 eiusque
1737 3777 1866 3861 generis
1888 3773 1962 3840 slis.

118 3895 187 3962 llic
206 3909 315 3960 autem
334 3891 527 3978 placitorum
550 3916 725 3960 consensus
741 3893 816 3960 talis
839 3917 876 3960 ae
899 3908 1007 3960 tantus
1030 3895 1114 3983 apud
1137 3897 1372 3961 diuersissimas
1392 3901 1506 3974 gentes
1525 3911 1590 3955 nen
1612 3902 1662 3954 ιιι
1682 3891 1845 3958 fortuitus.
1877 3890 1965 3958 Ceu-

118 4035 238 4080 sensus
262 4013 347 4077 enim
368 4008 424 4075 ille
445 4013 586 4077 cernitar
607 4015 640 4078 in
661 4011 758 4079 rebus
779 4015 1005 4079 minutissimis
1026 4027 1122 4100 atque
1143 4010 1183 4076 ab
1204 4010 1337 4076 arbitrie
1358 4008 1498 4073 humane
1514 4011 1739 4094 pendentibus.
1768 4007 1881 4097 Neque
1901 4011 1963 4076 hoe

118 4128 313 4216 probabile,
336 4127 527 4217 religionem
549 4130 746 4208 naturalem,
776 4130 904 4216 qualern
926 4129 1063 4196 vidimus
1086 4129 1171 4214 apud
1192 4127 1391 4214 Aegyptias,
1422 4129 1643 4195 minutissimis
1662 4150 1789 4218 queque
1810 4131 1844 4194 in
1866 4127 1964 4194 rebns

117 4246 420 4334 perpolitissimam,
442 4246 578 4314 subinde
599 4269 619 4314 ι
636 4262 724 4314 certa
746 4250 883 4335 quadem
900 4263 997 4335 gente
1016 4269 1074 4334 per
1092 4247 1310 4311 missienaries
1333 4246 1373 4310 ad
1395 4243 1536 4332 reliquos
1557 4247 1692 4333 populos
1714 4268 1826 4312 omnes
1846 4269 1963 4335 perue-

118 4366 224 4429 nisse.
270 4363 346 4429 Neu
377 4367 461 4430 enim
491 4367 693 4432 suffecissent
718 4367 759 4431 ad
790 4365 851 4430 hoe
878 4365 1109 4451 perficiendum
1139 4363 1242 4430 millia
1271 4385 1440 4429 annerum.
1483 4361 1618 4429 Nullum
1636 4365 1699 4430 fuit
1721 4367 1805 4430 ieter
1825 4364 1963 4452 populea

115 4483 273 4547 maxime
294 4480 421 4546 dissitos
445 4481 511 4548 tale
531 4486 767 4551 commercium.
811 4481 919 4559 Quum
940 4505 1018 4548 vero
1036 4484 1125 4548 natie
1142 4481 1318 4548 nulle'sine
1341 4480 1497 4566 religione
1516 4495 1663 4547 constare
1681 4485 1792 4570 pessit,
1815 4485 1963 4550 nationes

114 4600 329 4686 alienigenae
350 4610 438 4663 eerte
459 4619 526 4664 nen
547 4604 744 4688 recepissent
758 4601 948 4690 religionem
970 4590 1101 4666 'slinude
1121 4598 1184 4666 sibi
1205 4596 1364 4680 oblatam,
1385 4602 1577 4685 praesertim
1598 4622 1696 4688 quum
1714 4599 1823 4666 oblata
1845 4601 1962 4690 religio

112 4740 185 4783 nen
210 4715 277 4782 alia
299 4729 395 4798 esset,
419 4737 516 4804 quam
539 4719 619 4804 ipsis
639 4722 789 4806 propria,
810 4718 932 4786 scilicet
956 4719 1124 4786 naturalis.
1167 4716 1258 4794 Quas
1282 4716 1409 4805 quidem
1432 4715 1475 4781 eb
1496 4737 1610 4783 causas
1631 4718 1829 4786 redeundum
1848 4737 1898 4786 est
1918 4721 1961 4784 ed

1 4899 2 4902 ,
109 4837 168 4916 id,
202 4837 246 4900 de
271 4853 337 4922 que
360 4833 481 4898 dudum
502 4848 628 4901 constat
648 4837 734 4900 inter
755 4839 884 4901 critices
908 4858 1022 4920 senes,
1053 4857 1163 4902 omnes
1181 4837 1323 4900 emnium
1345 4835 1512 4900 nationum
1536 4833 1709 4924 religiones
1732 4840 1960 4904 manenter
2008 4837 2027 4864 ‘

1 5006 2 5010 ,
109 4953 210 5016 fonte
232 4949 405 5037 prodiisse,
429 4973 534 5039 neque
556 4975 635 5018 vero
658 4975 703 5020 ex
724 4951 936 5038 pelytheismo
959 4968 994 5018 et
1015 4950 1222 5035 letischisme,
1247 4952 1302 5016 sed
1325 4973 1370 5016 ex
1393 4953 1648 5028 monotheism03
1670 4976 1709 5019 ee
1731 4954 1859 5041 quidem
1879 4969 1961 5022 tem·

1 5110 4 5116 ,
106 5088 214 5156 pore,
241 5089 305 5153 que
330 5089 413 5156 gens
431 5069 584 5151 humana,
607 5069 708 5137 breue
729 5084 803 5158 pest
824 5073 980 5139 diluuium
1002 5087 1138 5155 tempus,
1163 5069 1267 5134 adhuc
1287 5071 1378 5136 vnita
1398 5085 1495 5153 esset,
1518 5095 1594 5158 que,
1617 5086 1653 5137 ιι
1675 5072 1824 5154 vidimus,
1841 5073 1959 5140 Zedia·

104 5199 171 5252 cus
196 5196 309 5250 nester
332 5199 423 5252 crtus
449 5201 546 5254 esset.
570 5189 708 5256 'Omnis
730 5212 808 5256 vere
834 5190 999 5277 religionis
1021 5209 1169 5276 paganae
1196 5188 1387 5274 principium
1412 5201 1461 5254 est
1483 5193 1726 5280 astrologicam.
1769 5191 1860 5258 llaec
1879 5211 1958 5256 vere

1 5339 4 5348 ·
106 5319 179 5369 tarn
206 5305 323 5390 grauia
351 5315 443 5387 snat,
474 5317 511 5370 vt
539 5325 604 5370 nen
618 5306 731 5376 'selum
751 5308 1002 5400 Aegyptiemm,
1030 5307 1228 5376 Graecorum
1253 5305 1488 5396 Indorumque,
1517 5311 1574 5376 sed
1601 5312 1744 5378 emnium
1765 5307 1956 5394 pepulerunt
