4860 6092
869 545 1234 628 -123-

137 738 228 803 diseo
251 746 385 821 apparet
408 730 545 818 Cybele,
582 748 619 799 at
644 747 763 802 corona
792 736 943 802 turrifera
970 747 1120 799 testatur.
1164 737 1253 823 Ergo
1277 735 1399 820 Cybele
1428 737 1601 822 respondet
1622 736 1787 823 Thoutho,
1814 754 1970 827 quotenus

137 869 243 918 terres
263 863 403 938 praeest.
447 837 569 936 Cybelo
596 855 740 939 pingitur
767 852 914 918 manibus
942 853 1058 916 aristas
1081 865 1205 917 tenens.
1249 853 1377 918 Aristas
1399 865 1486 917 tenet
1507 852 1632 939 figura,
1662 876 1744 938 quoe
1768 859 1801 920 in
1825 857 1973 923 Zodiacis

135 971 344 1056 Aegyptiacis
365 970 493 1054 signum
519 979 560 1049 ny
582 972 736 1056 exprimit
758 971 805 1056 (u.
824 969 972 1032 Lexioon
985 967 1094 1050 infre),
1119 982 1215 1056 atque
1240 981 1280 1050 ttp
1293 985 1343 1034 est
1361 970 1384 1049 ἕ
1400 964 1524 1050 domus,
1550 967 1661 1033 Thoth
1685 971 1850 1056 appellati.
1880 972 1974 1050 Quod

136 1087 265 1174 quidem
285 1096 326 1168 Ιψ
345 1087 471 1172 signum
492 1087 599 1171 ipsum
620 1075 674 1154 est
692 1098 854 1166 amenum,
879 1074 923 1166 si,
945 1088 991 1150 vti
1012 1085 1155 1150 solemne
1178 1101 1248 1185 est,¹
1262 1109 1282 1150 o
1302 1089 1326 1172 i)
1347 1089 1417 1152 siue
1439 1105 1482 1150 oz
1502 1087 1636 1172 incipias
1658 1089 1774 1151 seriem
1797 1091 1971 1175 signorum.

136 1204 307 1272 Prouincias
334 1204 478 1290 Aegypti
506 1215 624 1268 octoas
648 1202 741 1289 (ap),
773 1215 809 1266 vt
840 1200 1099 1289 Geogrdphieum
1129 1202 1330 1269 Taurinense
1359 1218 1493 1266 testator
1514 1201 1675 1286 ·(st.ll.
1690 1203 1754 1268 No.
1771 1205 1837 1288 2.),
1867 1221 1917 1270 est
1940 1210 1973 1272 in

134 1299 286 1405 Aegypto
307 1322 464 1396 inferiori,
486 1341 551 1403 qno
572 1318 644 1382 loeo
667 1335 819 1410 ῳΜογΝ
843 1314 870 1388 it
898 1335 1049 1418 sparsos,
1069 1316 1207 1380 scanno
1231 1319 1387 1388 erulorum
1406 1326 1610 1402 punicorum,
1633 1321 1706 1385 sita.
1750 1321 1838 1408 Ergo
1860 1327 1900 1406 Q,
1915 1324 1973 1388 do·

135 1438 224 1502 mino
253 1447 377 1516 terrae,
408 1431 529 1498 melum
556 1435 709 1519 punicum
740 1444 811 1496 erat
836 1453 974 1496 sacrum.
1026 1431 1116 1497 Idem
1143 1423 1322 1516 syrribolnm
1353 1429 1490 1514 Cybeles
1520 1448 1599 1501 erat.
1643 1436 1731 1523 Ergo
1756 1439 1918 1506 Esmunus
1942 1458 1973 1507 et

136 1548 262 1633 Cybele
279 1559 304 1632 ὅ
323 1547 519 1636 significent.
549 1549 728 1613 Esmuaum
744 1569 821 1612 vero
843 1549 1095 1633 interpretantur
1113 1570 1196 1613 nunc
1212 1545 1410 1614 Tosorthum
1426 1556 1522 1634 (τοτ’
1529 1567 1635 1651 -ωρ,
1646 1569 1697 1626 00
1714 1551 1972 1622 Thomflomm.

137 1667 332 1750 mundum),
362 1655 448 1732 nunc
476 1665 720 1753 Aesculapium,
753 1667 808 1752 qui
831 1667 953 1750 pariter
981 1679 1079 1752 atque
1106 1663 1217 1730 Thotb
1246 1679 1278 1730 et
1299 1664 1429 1730 ulth'otb
1459 1662 1531 1750 (ll)
1555 1666 1731 1734 medicinae
1758 1687 1911 1757 patronus
1941 1691 1974 1742 et

134 1799 251 1850 unctor
281 1781 461 1847 hebebatur
491 1781 643 1866 (Syncell.
661 1781 842 1867 pisid).
886 1781 1036 1869 Denique
1064 1781 1187 1868 Cybele
1211 1805 1273 1848 non
1299 1779 1406 1847 differt
1434 1777 1612 1863 sTitaea,
1639 1787 1753 1869 postes
1771 1786 1884 1854 Tellus
1907 1795 1973 1877 (pp)

134 1897 307 1987 appellem
327 1897 687 1984 (hiemantem).
731 1897 872 1964 Nomine
895 1921 978 1965 vero
996 1905 1118 1981 Τιτανι,
1144 1905 1257 1981 Utro,
1282 1905 1371 1963 Τιτια
1392 1899 1497 1982 ipsum
1518 1900 1633 1965 nomen
1650 1901 1880 1988 Acgyptiaonrn
1898 1907 1974 1992 Tet,

133 2015 228 2082 Toth
249 2037 327 2102 prae
348 2037 384 2081 se
404 2017 523 2106 ierunt,
547 2027 583 2080 vt
603 2013 766 2102 permulto
788 2015 922 2080 deorum
945 2017 1076 2081 nomina
1098 2016 1182 2102 apud
1205 2016 1347 2082 Graecos
1367 2027 1442 2079 sunt
1462 2015 1671 2102 Aegyptiace.
1713 2016 1868 2087 Testatur
1890 2028 1974 2090 enim

135 2131 498 2216 nenecessitatem),
518 2133 650 2198 deornm
670 2132 867 2198 Graecorum
889 2136 1019 2199 nomina
1042 2155 1085 2200 ex
1101 2133 1251 2220 Aegypto
1271 2134 1427 2218 originem
1445 2130 1575 2198 habere.
1608 2134 1699 2200 Haeo
1720 2138 1847 2221 quidem
1869 2146 1976 2210 omniu

135 2249 222 2314 adeo
242 2251 329 2312 inter
348 2269 384 2312 se
408 2261 600 2335 congruunt,
621 2262 658 2314 vt
677 2251 737 2315 vix
758 2248 898 2362 dpbitari
918 2253 1031 2336 possit,
1054 2253 1130 2338 quin
1151 2247 1262 2315 Thoth
1289 2263 1416 2334 praeter
1439 2251 1461 2330 32
1488 2247 1650 2334 planetam
1674 2255 1769 2317 etiarn
1796 2258 1841 2338 3,
1857 2262 1976 2345 quippe

138 2371 163 2452 ζ
193 2363 391 2444 subiectam,
424 2365 668 2453 significuuerit.
712 2367 820 2456 Atque
848 2368 1104 2455 coneedendorn,
1139 2367 1222 2431 bono
1249 2386 1353 2431 meum
1381 2369 1572 2430 sententiam
1600 2366 1641 2432 ab
1670 2373 1756 2434 omni
1786 2356 1976 2457 phantasiae

132 2483 281 2549 ludibrio
304 2480 374 2549 risse
395 2482 552 2566 alienum,
583 2488 648 2550 iaso
677 2489 821 2550 monime
851 2484 1031 2551 naturalem
1062 2481 1525 2570 veterumqoephilosophiae
1555 2477 1836 2554 accommodatam.
1882 2490 1976 2568 Quod

132 2603 299 2687 imagines
318 2599 463 2666 Thouthi
488 2605 621 2684 attinet,
650 2616 669 2667 e
691 2605 797 2668 numis
817 2601 1093 2688 Herrnopalitanis
1113 2602 1335 2687 cognoscitur,
1358 2621 1431 2661 eum
1453 2596 1561 2682 figura
1582 2598 1740 2682 bumana,
1771 2608 1875 2688 capite
1898 2609 1975 2692 Ibis,

131 2719 302 2804 depictum
324 2717 425 2783 luisse
446 2717 570 2805 (zoega
586 2719 683 2786 Num.
699 2721 781 2807 Aeg.
800 2717 966 2797 mxxl.)
1009 2718 1092 2783 ltern
1112 2716 1293 2782 Martianus
1319 2713 1376 2798 (ΙΙ.
1391 2737 1424 2798 p.
1438 2717 1524 2789 42),
1547 2711 1630 2793 Idr‘r,
1654 2716 1772 2798 inquit,
1791 2733 1975 2799 praenota-

131 2842 202 2900 tum
226 2841 322 2920 gerit
340 2841 458 2899 neatis
478 2834 628 2922 (Thothp
671 2837 724 2902 Sic
747 2851 780 2901 et
799 2838 903 2922 prims
923 2835 1036 2917 litera,
1070 2832 1225 2899 Thoutho
1247 2851 1358 2908 soora,
1386 2827 1479 2891 Ibide
1501 2826 1764 2912 exprimebatur,
1796 2843 1877 2896 teste
1900 2835 1975 2902 Plu.

129 2951 251 3018 tercbo
275 2953 436 3038 {Sympos
453 2952 516 3018 lx.
535 2975 566 3039 q.
581 2958 613 3019 3.
628 2977 662 3039 p.
676 2951 780 3039 738.)
822 2949 917 3027 Quod
938 2973 1017 3028 repo
1038 2963 1167 3014 veteres
1187 2946 1382 3012 Mercurium
1409 2941 1582 3030 phullicnm
1604 2943 1803 3012 effinxerunt
1830 2969 1976 3019 nonnun-

128 3091 235 3156 quam
257 3067 385 3156 (zoega
401 3068 498 3135 Obel.
513 3071 620 3152 219.);
643 3054 899 3144 dubitare'lioet‚
922 3087 961 3130 en
980 3064 1040 3128 boo
1061 3061 1263 3137 Tho'utbura‚
1284 3078 1340 3124 aot
1358 3058 1455 3125 ulirrm
1473 3059 1667 3126 Mercurium
1689 3065 1834 3130 attineat.
1878 3069 1975 3138 Certe

138 3189 163 3264 ἕ
199 3184 381 3273 phellicam
405 3201 455 3250 est
477 3207 595 3250 numen
618 3186 709 3267 (Vid.
730 3205 801 3269 sup.
820 3185 964 3269 pugno.
986 3204 1016 3246 o.
1029 3179 1088 3265 2.).

229 3299 376 3384 Typhon,
401 3306 522 3386 Topos,
547 3307 675 3385 Tonsos,
701 3305 861 3384 Torporem,
883 3298 1070 3385 plerumque
1091 3297 1135 3378 i),
1157 3313 1382 3378 nonnunquam
1404 3295 1431 3371 ἃ
1452 3281 1622 3381 signifieat.
1665 3295 1822 3367 Manetbo
1843 3299 1976 3392 Typho-

125 3440 212 3484 nem
241 3418 331 3480 inter
355 3414 434 3480 deos
452 3431 574 3502 septem
597 3419 768 3494 anaximene,
790 3419 861 3481 siue
883 3413 1030 3498 Gabinos,
1054 3427 1203 3477 numerat
1224 3411 1329 3497 (Syac.
1342 3433 1374 3497 p.
1390 3411 1475 3496 1⁹.);
1503 3433 1582 3500 ergo
1604 3413 1743 3500 Typhon
1767 3419 1806 3481 ad
1829 3419 1977 3505 planetas

124 3535 286 3624 pertinet
338 3527 479 3616 Typhon
500 3554 578 3597 vero
601 3533 689 3597 solos
710 3531 886 3619 putabatur
907 3511 1006 3597 Delus·
1020 3535 1054 3595 in
1070 3533 1256 3595 uniuersum
1278 3531 1398 3593 noxius
1420 3543 1452 3594 et
1472 3529 1663 3611 malitiosus,
1688 3536 1808 3617 puriter
1831 3544 1970 3626 etqueij

125 3651 275 3738 planetu
298 3647 347 3733 (p.
366 3653 418 3714 59.
434 3671 466 3714 n.
483 3655 512 3715 1.
530 3653 604 3733 ss.);
630 3671 675 3713 ex
698 3670 762 3735 qno
785 3651 942 3736 seqnitur,
962 3645 1155 3734 Typhonem
1176 3646 1201 3730 l)
1225 3645 1420 3732 significare.
1462 3645 1612 3732 Hyginus
1635 3645 1690 3728 (11.
1707 3669 1735 3712 o.
1752 3649 1820 3729 28.)
1843 3649 1977 3737 Typho.

127 3789 209 3832 nem
242 3779 341 3830 roost
370 3771 565 3830 uminum
594 3769 765 3850 gigante:
790 3775 825 3830 et
849 3770 997 3830 'nume
1023 3758 1154 3830 deusest
1181 3768 1354 3830 inimicust.
1405 3760 1560 3829 Testetur
1587 3761 1777 3828 Plutarchus
1805 3765 1975 3852 (13.362.)

126 3886 325 3972 Aegyptios
346 3885 524 3969 potentiora
537 3883 707 3969 Typhonis
728 3881 1097 3948 morifieiisvdemnloere
1118 3895 1152 3947 st
1172 3881 1317 3957 delinire,
1338 3893 1435 3966 atque
1456 3876 1517 3960 (ib.
1532 3883 1632 3962 380.,
1656 3881 1794 3947 ssimum
1808 3879 1977 3972 Typhonis

126 4005 161 4067 in
182 3998 353 4066 animulis
370 4003 527 4087 migrasse
548 4014 580 4065 et
599 4019 748 4066 naturum
768 4021 897 4065 ornnern
910 3998 1038 4066 brutam
1061 3996 1279 4067 et'bellninum
1302 3996 1388 4061 rnalo
1408 3998 1504 4082 genio
1522 3993 1700 4084 (Typhoni)
1722 3996 1840 4066 deberi.
1877 4001 1977 4068 Addit

130 4119 303 4206 (pm),
327 4121 423 4183 certis
443 4121 476 4182 in
498 4116 729 4184 festiuitatibus
742 4115 934 4202 Typhonem
956 4115 1163 4182 contumeliis
1179 4116 1330 4180 ellectum
1344 4115 1455 4196 luiste,
1477 4126 1574 4201 etque
1595 4120 1642 4200 (p.
1655 4115 1755 4195 380.>,
1776 4115 1926 4182 animalia
1948 4123 1977 4184 ei

130 4257 229 4302 soors
249 4249 398 4302 mactata
415 4235 525 4317 luisse,
540 4214 703 4319 thapsum
725 4233 888 4318 supplicio
901 4239 1021 4317 guarin
1037 4233 1214 4298 itte-atro
1232 4227 1434 4312 efficeretur.
1477 4229 1597 4296 Narrat
1612 4229 1795 4294 Herodotus
1810 4231 1975 4318 (ihm),

131 4353 330 4440 Aegyptius
351 4347 541 4416 verdefl'dsr
563 4349 702 4414 caedere
725 4345 830 4414 Dee·
853 4351 1027 4436 mudum,
1049 4373 1143 4438 quem
1163 4349 1290 4437 quidem
1311 4347 1384 4431 ille,
1406 4349 1523 4434 quippe
1544 4345 1716 4409 nefandum
1739 4339 1782 4411 et'
1793 4349 1978 4430 terribilem,

135 4490 200 4532 oen
222 4469 405 4551 diabolum,
431 4470 522 4532 timet
542 4471 720 4534 nominare.
766 4465 896 4532 Diserte
918 4467 1107 4538 Plutarchus
1129 4468 1188 4549 (ls.
1204 4468 1294 4552 380.)
1317 4467 1403 4546 dicit,
1425 4463 1604 4549 Aegyptios
1617 4459 1809 4548 Typhonem
1828 4483 1979 4553 reputare

138 4581 274 4650 rodurn
298 4589 436 4670 genium,
449 4592 559 4668 (rosor
581 4584 743 4670 despero).
786 4583 878 4650 Alius
899 4588 943 4672 (p.
959 4586 1048 4670 368.)
1069 4599 1189 4668 narrat,
1218 4583 1399 4670 Typhonem
1411 4579 1495 4655 'dicti
1516 4577 1672 4664 quidquid
1681 4584 1725 4642 't'u
1748 4589 1871 4647 autera
1892 4597 1980 4652 erret

138 4707 357 4805 cerm,
381 4719 476 4790 atque
500 4707 547 4787 (p.
562 4704 667 4786 369.):
698 4702 851 4788 quoquot
868 4708 904 4766 r'rr
926 4711 1050 4767 autera
1071 4704 1208 4779 molen,
1229 4707 1416 4782 corruptum
1441 4703 1474 4758 et
1496 4699 1629 4759 sosium
1652 4701 1791 4778 existat,
1814 4697 1982 4764 membrum

137 4835 220 4880 erre
251 4813 434 4900 Typhoeo,
457 4819 514 4883 oei
528 4825 680 4903 purten,
706 4815 763 4880 ecl
784 4826 1012 4902 operationem.
1054 4819 1245 4884 Accuretins
1266 4813 1418 4898 Typhoni
1440 4808 1628 4878 Plutarchus
1649 4809 1706 4893 (ls.
1719 4819 1806 4893 371.)
1830 4812 1982 4878 adscribit

137 4933 263 5000 omniu
287 4933 440 5000 animulis
461 4935 558 5018 malo,
580 4933 709 5021 plantas
727 4935 854 5016 noxios,
877 4934 1117 5014 obscuritatem,
1138 4933 1336 4998 turbationes
1358 4943 1503 5013 neturus,
1526 4928 1719 5016 eclipses),
1740 4943 1773 4994 et
1797 4928 1861 4993 alia
1883 4929 1980 4997 molo.

135 5049 262 5128 Quum
284 5045 438 5136 Aegyptii
459 5056 634 5120 astronomi
656 5053 767 5116 eadem
790 5050 925 5135 ploret)
946 5048 1127 5114 adscribunt
1146 5050 1186 5131 (Ι.
1203 5053 1299 5128 §.42
1321 5051 1446 5134 p.ot.);
1470 5047 1590 5112 olorum
1612 5059 1680 5126 est,
1704 5042 1896 5132 Typhonem
1917 5050 1982 5132 sig·
2010 5049 2013 5060 '

134 5167 287 5240 nificare
311 5164 474 5248 planetam
501 5170 547 5254 τ).
596 5170 723 5237 Deinde
753 5191 829 5233 roro
861 5166 1000 5254 Typhon
1028 5171 1125 5233 etiarn
1155 5168 1180 5251 ῐ)
1209 5167 1322 5232 domus
1347 5178 1388 5242 x
1416 5179 1449 5230 et
1477 5170 1527 5246 z,
1563 5181 1622 5225 neo
1653 5179 1718 5226 non
1749 5162 1828 5228 alias
1855 5161 1984 5227 zodiaci

136 5300 273 5379 portes,
302 5281 330 5365 b
351 5283 539 5372 adscriptas,
563 5287 733 5374 significat.
760 5284 842 5364 Quo
861 5299 910 5352 est
927 5289 1023 5370 enim,
1047 5289 1100 5376 qni
1121 5289 1248 5374 ignoret
1268 5283 1411 5351 fabulum
1432 5281 1471 5346 de
1489 5277 1659 5455 Τὲῃὴοιιο,
1677 5279 1815 5346 Osiridis
1835 5280 1984 5339 intorem.

473 5411 476 5416 ’
1559 5388 1580 5448 2
