4904 6100
1146 587 1232 602 --
1292 537 1373 620 170
1432 589 1517 602 -—

419 747 553 814 ‘Nautes
572 733 740 808 naonis
771 747 857 816 suut,
887 736 1000 818 vipera
1028 731 1059 795 r?
1090 728 1133 817 (1.
1146 737 1178 812 θ.
1193 734 1246 794 47.
1260 735 1314 795 49.
1328 751 1381 816 pp.
1398 733 1450 795 59.
1466 733 1546 814 62.)
1594 729 1750 796 Aelianus
1771 731 1831 816 (X.
1844 735 1898 796 40.
1914 729 1943 796 Ι.
1957 732 2027 818 37.)
2051 735 2082 797 ei
2112 733 2266 830 adscgibit

292 849 298 870 ⁸
426 866 539 929 dentes
559 855 719 923 terribiles
743 866 776 917 et
793 849 992 916 iracundiam
1012 849 1200 927 maximam,
1223 869 1306 933 quae
1328 850 1433 934 magis
1451 850 1485 912 in
1507 855 1551 926 α’,
1572 867 1668 936 quam
1689 851 1723 914 in
1749 845 1774 929 b
1805 847 1974 934 quadrant.

514 999 747 1089 oxyrynchus,
770 997 956 1086 ὅξυρυγχος,
982 1001 1008 1065 D
1033 995 1107 1061 hinc
1130 1009 1162 1060 et
1187 995 1412 1084 §significare
1433 995 1571 1062 videtur.
1616 993 1718 1060 Testa
1737 994 1874 1062 Aeliana
1894 995 2025 1076 (XVII.
2041 1019 2074 1082 p.
2089 1001 2162 1063 584.
2176 997 2265 1081 Tu),

427 1119 629 1210 oxyrynchus
656 1141 714 1206 per
743 1131 842 1182 totam
873 1116 1058 1202 Aegyptum
1090 1113 1275 1197 colebatur,
1307 1115 1410 1202 quod,
1440 1126 1523 1178 teste
1548 1109 1733 1194 llerodota,
1764 1135 1827 1178 non
1853 1115 1988 1200 contigit
2012 1109 2134 1193 nisio
2156 1130 2189 1180 et
2221 1121 2262 1197 2,

428 1257 523 1330 atque
548 1248 582 1323 2,
606 1236 897 1301 constantinorum
919 1235 1038 1298 comiti.
1081 1233 1182 1298 l‘arrc
1205 1246 1342 1314 canstat,
1365 1230 1450 1296 hunc
1467 1232 1587 1317 piscem
1611 1228 1812 1314 oxyrynchi,
1837 1253 1921 1317 quae
1942 1229 2018 1297 vrbs
2044 1231 2181 1318 Coptica
2206 1254 2268 1297 vc·

429 1375 519 1426 catur
540 1373 678 1432 nerone
700 1351 899 1438 (plantator),
921 1349 1125 1415 hauddubie
1150 1345 1183 1428 b
1198 1352 1232 1414 in
1250 1347 1424 1432 domicilio,
1448 1370 1506 1412 seu
1527 1355 1579 1427 95,
1601 1345 1720 1410 cultum
1742 1347 1854 1412 luisse.
1898 1347 2089 1414 Plutarchus
2110 1347 2169 1433 (ls
2178 1351 2268 1432 353.)

429 1490 559 1557 narrat,
588 1493 750 1560 nunquam
778 1470 999 1556 oxyrynchum
1030 1483 1159 1556 captum
1182 1483 1215 1533 et
1243 1453 1404 1532 comesum
1430 1466 1549 1547 luisse,
1579 1465 1664 1552 quod
1692 1469 1717 1534 5
1748 1464 1809 1530 soli
1837 1465 1984 1552 quadrat.
2028 1465 2142 1532 Tradit
2168 1471 2267 1534 etiam

435 1595 494 1678 (Is.
511 1593 617 1676 358.),
641 1586 863 1674 oxyrynchum
885 1609 956 1651 cum
979 1585 1107 1674 Phagro
1128 1599 1161 1650 et
1182 1585 1342 1672 Lepidoto
1365 1581 1520 1670 genitalia
1541 1582 1679 1648 Osiridis
1702 1582 1885 1666 decorasse,
1908 1606 1952 1648 ex
1975 1604 2039 1670 quc
2061 1583 2181 1649 clarum
2204 1599 2267 1660 est,

433 1714 474 1777 de
501 1708 603 1775 trihus
631 1705 771 1795 piscibus
798 1707 968 1792 uuicuique
998 1716 1123 1790 partem
1151 1699 1361 1790 genitalium,
1401 1701 1520 1787 quippe
1549 1722 1641 1768 suam
1672 1695 1791 1789 cuique
1812 1704 2057 1766 conuenientem
2084 1704 2266 1789 contigisse.

431 1829 506 1896 Huc
536 1827 615 1891 lacit
638 1827 704 1888 cris
733 1825 818 1888 acuti
841 1819 969 1886 habitus
998 1842 1019 1884 a
1041 1818 1206 1885 veteribus
1226 1817 1415 1904 oxyrynchc
1447 1816 1626 1903 adscriptus
1655 1816 1752 1905 (Plut.
1772 1817 1815 1884 ls.
1832 1823 1940 1904 355),
1975 1819 2060 1906 quod
2089 1819 2132 1885 ad
2153 1819 2273 1884 Lunae·

434 1966 552 2013 cornua
572 1954 718 2029 spectare
738 1939 886 2020 videtur,
916 1951 1012 2024 atque
1044 1939 1204 2024 corporis,
1233 1956 1296 2023 quo
1318 1939 1350 1999 in
1373 1935 1588 2005 monumentis
1610 1949 1763 2022 apparet,
1796 1937 1984 2024 magnitudo
2012 1947 2039 2018 2>
2064 1939 2266 2003 conueniens.

433 2065 541 2142 Quum
567 2080 647 2124 vern
668 2055 873 2142 oxyrynchus
897 2078 915 2120 a
941 2054 1128 2120 vulneribus
1150 2053 1289 2119 Osiridis
1318 2074 1376 2117 seu
1397 2050 1483 2134 Nili,
1513 2066 1550 2117 vt
1580 2054 1625 2116 ait
1647 2043 1807 2117 Aelianus
1826 2053 1887 2136 (X.
1902 2061 1988 2144 ta),
2009 2071 2106 2122 natus
2127 2055 2267 2130 dicatum

434 2181 555 2246 clarum
577 2189 643 2258 est,
668 2173 729 2238 hoc
750 2194 813 2237 non
836 2172 874 2235 ad
902 2173 942 2250 D,
964 2171 1020 2236 sed
1048 2173 1069 2242 ΙΙ
1097 2171 1242 2254 Ηοιιιιιι,
1266 2169 1404 2235 Osiridis
1423 2167 1526 2232 filium
1548 2182 1703 2254 spectare.
1747 2168 1832 2234 Sane
1855 2171 1932 2238 vrbs
1956 2173 2268 2260 Oxyrynchus‘spe·

434 2297 543 2362 ciatim
566 2293 714 2356 decuriae
746 2293 768 2372 ζ
799 2291 833 2353 in
858 2295 897 2366 ᾖ
928 2289 1111 2376 respondet.
1155 2287 1285 2354 Diserte
1304 2300 1412 2350 autam
1429 2283 1582 2351 Aelianus
1605 2285 1680 2351 dicit
1699 2285 1735 2372 (Ι.
1749 2284 1801 2369 Ι.),
1823 2310 1954 2356 namura
1977 2291 2148 2378 quendam,
2172 2285 2269 2355 veluti

359 2433 367 2444 ·
404 2387 419 2416 Ι
435 2414 597 2478 decuriam
617 2407 766 2486 Zodiaci,
797 2404 837 2470 ab
860 2405 922 2471 boc
941 2409 1028 2494 pisce
1052 2427 1167 2471 namen
1190 2404 1321 2469 habere.
1364 2403 1448 2468 llinc
1468 2423 1605 2480 nem
1629 2402 1821 2489 Oxyrynchi
1843 2428 1959 2472 nomen
1980 2406 2064 2474 hene
2081 2407 2217 2498 quadrat
2237 2411 2268 2471 in

440 2535 464 2615 ξ
490 2527 675 2616 phallicum.
719 2523 804 2590 Hinc
818 2521 973 2589 Aelianus
995 2523 1036 2609 (Ι.
1052 2525 1118 2609 12.)
1136 2522 1357 2608 oxyrynchum
1380 2522 1456 2585 lacit
1475 2525 1631 2587 arcticum
1652 2524 1686 2585 in
1708 2509 1816 2608 'capite
1830 2523 1869 2588 de
1884 2521 2045 2610 Capitone
2070 2527 2267 2612 oxyryncho.

437 2645 623 2732 dbpr’rle'nr'r,
654 2644 775 2729 inquit,
802 2646 866 2704 cin
894 2651 930 2706 et
955 2661 1072 2706 namen
1102 2632 1204 2707 mrrlta
1231 2659 1360 2724 genera
1376 2615 1513 2724 ριἰιίιιιι
1536 2648 1711 2708 nonerunt.
1755 2635 1890 2706 Eteae'n
1912 2633 2043 2727 cupito,
2071 2665 2138 2709 non
2160 2637 2270 2719 ωιιιίι,

436 2764 495 2830 ted
514 2763 584 2845 tlte,
608 2779 698 2846 quen
721 2779 742 2821 a
756 2757 875 2835 faciei
890 2763 1040 2822 coamens
1058 2759 1329 2835 denominarent,
1354 2757 1499 2821 dt'nr'nrtn
1523 2753 1620 2820 hcr'cr
1640 2755 1698 2819 der·
1722 2777 1838 2821 numen
1867 2758 1950 2822 colit
1970 2769 2068 2843 atptte
2089 2767 2271 2823 veneratur

435 2885 588 2968 (λατρευει
615 2879 695 2966 τῳδε
716 2899 762 2962 τῳ
786 2873 962 2962 δαιμοιιῳ).
1006 2874 1143 2940 Constat
1173 2887 1299 2950 autem,
1330 2876 1518 2954 §maxime
1548 2893 1619 2937 esse
1643 2870 1818 2958 phallicum
1841 2875 1883 2958 (Ι.
1900 2883 1930 2959 ς.
1941 2877 1990 2940 52.
2004 2898 2035 2963 p.
2048 2865 2129 2960 65.).⁸
2174 2874 2272 2950 Quod

435 2999 575 3063 formam
597 2991 790 3076 Oxyrynchi
811 2993 944 3074 attinet,
973 2990 1053 3056 baec
1081 2990 1236 3057 Aelianus
1262 2990 1340 3070 (xl.
1357 2995 1425 3074 24.)
1451 2981 1580 3056 narrat:
1612 2989 1676 3055 Ore
1696 3000 1765 3070 ert,
1797 2975 1916 3079 inquit,
1944 2993 2144 3078 praelongo,
2166 2993 2272 3058 ocula

438 3119 519 3179 aare·
535 3117 645 3178 r'nrtnr
657 3105 885 3192 fulgentibus,
899 3106 1077 3194 palpebris
1099 3108 1196 3173 nlbt'r.
1240 3109 1325 3172 Eius
1338 3107 1436 3171 dorso
1452 3117 1583 3195 puncta
1594 3107 1730 3192 pallore
1751 3111 1914 3193 tnngnttir
1937 3121 2022 3193 rant,
2039 3117 2164 3197 piam
2177 3115 2270 3196 prio-

438 3252 494 3296 res
517 3232 681 3310 einigrue
703 3231 865 3304 existant,
887 3245 947 3289 ece
962 3244 1041 3289 cero
1064 3229 1100 3288 t'n
1113 3225 1212 3290 dorso
1234 3224 1343 3290 albae.
1388 3223 1502 3288 Caadc
1517 3213 1636 3302 forna
1658 3221 1799 3309 oblonga
1819 3227 2021 3314 (προμηκης).
2065 3226 2268 3315 Quamquam
2329 3273 2340 3302 ,

438 3349 521 3412 haec
542 3342 583 3408 ad
604 3343 826 3427 oxyrynchum
848 3345 947 3408 maris
966 3340 1057 3407 rubri
1077 3356 1240 3430 spectant3
1263 3356 1386 3406 certum
1409 3354 1526 3424 tamen,
1548 3325 1707 3408 Niliacum
1728 3362 1842 3429 parum
1859 3340 1900 3407 ab
1921 3365 1960 3409 ec
1979 3346 2143 3411 diuersum
2162 3347 2269 3411 luisse.

438 3461 562 3530 Eodem
585 3460 681 3525 modo
703 3458 759 3524 ille
780 3459 931 3525 describit
952 3461 1175 3545 oxyrynchum
1198 3462 1297 3526 maris
1320 3457 1458 3545 Caspici.

524 3589 695 3678 Phagres,
717 3617 856 3680 pcypcc,
884 3591 1121 3678 asymbolum.
1163 3594 1320 3672 Aelianus
1348 3593 1409 3678 (X.
1428 3594 1494 3678 19.)
1522 3590 1650 3677 Phagra
1676 3595 1797 3679 pariter
1825 3561 1921 3681 atque
1944 3575 2097 3663 Maeotae
2124 3571 2271 3662 adscribit

439 3711 577 3775 virtuter
606 3707 646 3794 ΙΙ,
669 3713 875 3798 praesagium
893 3708 962 3775 Nili
984 3714 1165 3794 crescenn’s,
1188 3715 1380 3801 sapientiam
1400 3724 1434 3775 et
1454 3709 1671 3794 velocitatem,
1693 3709 1877 3799 nullamque
1898 3689 2120 3802 rapacitatem.
2158 3713 2271 3780 Tradit

439 3831 549 3910 etiam,
572 3826 708 3893 eundem
730 3827 793 3892 coli
813 3825 955 3911 Syenae,
980 3850 1063 3914 quae
1084 3835 1107 3904 9
1131 3830 1279 3894 decuriae
1300 3833 1333 3894 in
1354 3847 1399 3895 aa
1419 3827 1604 3913 respondet.
1647 3823 1749 3894 Teste
1773 3815 1932 3896 Strabone
1950 3831 2082 3917 (xvtl.
2094 3836 2168 3899 552.
2184 3829 2268 3916 Ta),

438 3943 604 4010 colebatur
635 3946 732 4009 etiarn
760 3947 793 4008 in
823 3964 919 4008 noma
942 3959 976 4009 et
998 3945 1078 4010 vrbe
1104 3945 1370 4034 Phagroriopoli,
1399 3968 1483 4033 quae
1506 3942 1592 4008 haud
1616 3945 1728 4028 procul
1754 3943 1796 4010 ab
1816 3947 1997 4036 Heroopoli
2018 3952 2081 4015 sita
2102 3949 2266 4038 respondet

446 4064 470 4144 ζ
499 4063 648 4128 decuriae
668 4065 703 4128 in
728 4075 779 4144 ny.
822 4060 910 4126 Idem
931 4062 1028 4146 piscis
1053 4063 1169 4129 dicitur
1190 4087 1263 4130 cum
1285 4061 1485 4150 Oxyryncha
1512 4073 1545 4124 et
1564 4059 1725 4147 Lepidota
1747 4065 1902 4150 genitalia
1924 4067 2065 4133 Osiridis
2088 4067 2268 4133 decorasse.

437 4179 535 4244 Certe
556 4183 660 4268 virga,
682 4182 766 4246 sorte
788 4177 970 4264 symbolum
991 4183 1105 4269 virgae
1126 4180 1289 4266 genitalis,
1323 4183 1346 4264 5
1374 4201 1466 4246 sacra
1485 4193 1555 4244 erat
1573 4177 1712 4266 phallicn
1736 4183 1783 4269 (p.
1800 4185 1880 4269 65.)
1903 4201 1905 4206 ·

520 4329 642 4414 Phyto,
664 4357 761 4418 φυσα,
787 4337 815 4409 b
842 4326 1013 4416 significat.
1055 4329 1211 4398 Aelianus
1232 4332 1327 4418 (ΧΙΙ.
1345 4333 1412 4417 13.)
1426 4341 1547 4410 narrat,
1570 4321 1655 4396 hunc
1671 4333 1790 4416 piscem
1814 4355 1877 4399 non
1901 4330 2049 4409 solum)
2073 4332 2269 4394 mutationes

334 4481 335 4485 ¹
436 4452 566 4531 sentire,
588 4447 646 4514 sed
668 4452 766 4514 etiam
787 4451 896 4514 iecure
912 4463 945 4514 et
965 4461 1033 4524 tota
1052 4469 1186 4534 corpore
1208 4472 1279 4514 enm
1295 4451 1372 4515 luna
1392 4469 1536 4514 crescere
1556 4461 1589 4512 et
1609 4449 1804 4542 decrescere.
1847 4451 1903 4517 Ex
1924 4473 1985 4536 quo
2006 4459 2151 4534 apparet,
2172 4446 2272 4512 huius

438 4564 584 4628 animalis
603 4565 791 4644 indolem]
822 4565 917 4652 plane
944 4587 1016 4632 esse
1038 4565 1320 4632 accommodatam.
1365 4566 1419 4631 Sic
1447 4580 1481 4630 et
1508 4564 1582 4630 lelr's
1610 4587 1682 4631 eum
1703 4577 1729 4644 b
1754 4567 1896 4634 affinitas
1918 4565 2139 4653 praedicatur,
2171 4589 2269 4653 quare

435 4678 509 4746 selis
536 4681 562 4746 ΙΙ
587 4681 763 4762 symbolum
784 4680 975 4766 habebatur,
998 4696 1034 4748 vt
1055 4683 1205 4748 vidimus.
1289 4697 1312 4740 ο

520 4813 683 4899 Polypus,
703 4819 881 4897 ootvnocc,
910 4815 935 4900 1)
967 4816 1146 4902 symbolum
1175 4839 1245 4882 esse
1271 4802 1414 4881 Odemr.
1457 4812 1634 4900 llorapollo
1664 4815 1721 4894 (ll.
1740 4821 1830 4900 105.)
1859 4815 2012 4904 polypum
2035 4815 2111 4880 mali
2130 4805 2269 4883 hardoia

436 4932 500 5021 (7))
524 4945 673 4998 naturam
703 4933 749 4996 ait
777 4934 969 5018 exprimere.
1010 4932 1134 5022 Palypo
1162 4936 1323 4999 voracitas
1352 4935 1472 5019 pariter
1493 4947 1532 4998 'et
1570 4931 1595 5000 b
1627 4935 1819 5001 adscribitur
1843 4935 1884 5021 (l.
1900 4938 1994 5014 W·
2008 4955 2041 5020 p.
2057 4933 2132 5018 58.)
2176 4933 2270 5011 Quod

437 5050 596 5118 Aelianus
619 5049 712 5140 (Vll.
727 5047 794 5136 11.)
814 5063 944 5131 narrat,
967 5048 1119 5137 polypum
1141 5051 1281 5139 aquilam
1304 5051 1370 5137 (Θ)
1392 5053 1426 5128 in
1448 5071 1538 5116 mare
1559 5051 1749 5136 detrahere,
1780 5075 1819 5117 eo
1841 5054 1963 5118 indicat
1983 5049 2177 5138 Typhonem
2196 5052 2267 5132 (b),

436 5169 601 5236 Osiridem
619 5170 686 5253 (Θ)
708 5166 767 5232 sub
788 5157 960 5234 solstitium
983 5165 1163 5251 hibernum,
1186 5191 1243 5234 seu
1264 5173 1297 5235 in
1330 5167 1355 5251 b
1388 5169 1482 5234 doma
1501 5171 1574 5256 (56)
1596 5183 1813 5257 superantem.
1939 5199 1941 5203 ·

520 5299 656 5385 Scarus,
680 5323 806 5384 σκαρος,
831 5307 855 5378 2
877 5299 1049 5388 significat.
1084 5299 1242 5368 Aelianus
1261 5302 1366 5386 (1.2.)
1385 5302 1494 5383 tradit,
1518 5301 1603 5370 hunc
1628 5304 1749 5388 piscem
1772 5303 1916 5368 omnium
1938 5278 2009 5366 esre
2031 5303 2175 5367 maxime
2194 5298 2268 5366 libi-
