4896 6096
1170 579 1254 597 ·-
1316 539 1535 619 102—

440 753 549 819 Etiam
570 742 737 812 Vulcanus
757 735 819 818 (Q)
843 745 892 796 est
911 736 966 813 d,
991 744 1024 795 et
1050 729 1244 817 reliquorum
1266 729 1469 816 planetamm
1490 739 1596 828 pater,
1617 725 1666 790 vti
1687 719 1787 788 Belus
1808 729 1899 804 pater
1921 719 2032 784 Persei
2054 715 2116 806 (α’)
2138 733 2170 784 et
2191 720 2278 786 llar-r

442 867 523 932 culi.
544 863 608 950 (ὦ)
629 852 791 944 (Apollod.
810 847 856 912 11.
877 853 907 912 i.
922 849 979 934 4.).

543 975 648 1054 Besa,
674 968 766 1049 ntea,
790 963 825 1035 Q
846 983 1036 1050 cognomen.
1082 962 1231 1029 Occurrit
1251 963 1334 1026 euim
1354 978 1471 1024 nomeu
1492 974 1710 1050 ῃεοΛΜογΝ
1732 955 1766 1018 in
1789 950 1956 1018 Miraculis
1985 948 2118 1016 Coluthi
2144 956 2188 1038 (p.
2200 955 2276 1018 339.

448 1096 602 1180 Georg.),
631 1107 695 1174 quo
716 1095 828 1171 aperte
853 1080 1020 1148 menonis
1042 1099 1159 1146 nomen
1185 1101 1258 1143 curu
1285 1075 1371 1142 Besa
1396 1087 1610 1162 comparatur.
1649 1073 1760 1138 ‘Porro
1783 1067 1928 1134 eiusdem
1947 1063 2012 1132 Dei
2032 1065 2277 1134 celeberrimum

443 1207 608 1280 oraculum
629 1215 700 1270 erat
724 1199 831 1284 Abydi
853 1198 1017 1286 (Ammiau
1046 1195 1131 1260 Mar.
1148 1195 1249 1260 XIX.
1269 1215 1303 1280 p.
1320 1198 1393 1258 164.
1414 1192 1509 1258 Phoa
1527 1189 1613 1258 Bibl.
1635 1191 1748 1254 am.
1770 1207 1803 1272 p.
1815 1179 1941 1268 1596),
1966 1184 2050 1269 qaod
2072 1206 2136 1249 non
2159 1186 2219 1248 nisi
2241 1185 2276 1256 Q

443 1351 481 1396 ao
503 1325 636 1392 summis
665 1321 727 1386 diis
753 1315 913 1382 conuenit.
967 1312 1093 1378 Deinde
1118 1313 1218 1377 iidem
1247 1324 1394 1376 auctores
1423 1321 1601 1389 testantur,
1633 1303 1751 1372 Besam
1781 1314 1814 1366 et
1835 1299 1943 1384 Abydi
1967 1301 2002 1364 in
2025 1299 2212 1378 Thebaide,
2242 1314 2275 1365 et

443 1445 570 1522 Besae,
603 1443 673 1505 siue
694 1436 874 1514 Antium,
904 1427 957 1494 vel
979 1426 1168 1496 Besantinoi
1194 1449 1296 1516 prope
1316 1424 1529 1512 Hermopolin
1550 1422 1672 1488 cultum
1703 1421 1814 1486 laissa.
1858 1416 1941 1482 Sunt
1963 1430 2074 1483 autem
2097 1417 2159 1482 hae
2180 1416 2275 1483 vrbes

447 1561 594 1628 decuriae
612 1565 649 1639 (ξ)
663 1557 697 1618 in
712 1568 751 1626 γ·
769 1565 802 1617 et
815 1555 870 1624 Π.
896 1547 1025 1612 Revera
1037 1545 1190 1612 Deeanos
1206 1543 1243 1616 Q
1261 1547 1295 1608 in
1310 1551 1354 1618 Π
1367 1566 1390 1610 a
1403 1543 1541 1610 Firmioo
1555 1549 1687 1606 voeatiu
1697 1534 1945 1624 'lapiso-tome
1962 1533 2004 1621 (l.
2012 1540 2043 1614 θ.
2056 1539 2183 1622 lipag.
2195 1539 2274 1617 aa),

449 1703 470 1744 a
491 1676 631 1744 Valente
651 1669 727 1752 (ib.)
747 1690 859 1751 pooop,
886 1683 1090 1769 n-go-mp
1113 1662 1197 1728 Hori
1216 1659 1279 1748 (Q)
1301 1663 1419 1745 iacias,
1439 1663 1509 1728 aiae
1531 1659 1669 1724 decuria.
1714 1652 1839 1719 Decaui
1860 1653 1946 1716 cuim
1967 1654 2141 1739 antiquitus
2160 1653 2271 1733 iacies,

447 1814 630 1879 troporum,
653 1801 722 1856 tae
745 1782 901 1870 appellati
921 1792 997 1846 sunt
1017 1779 1058 1865 (Ι.
1080 1785 1111 1860 ἦ.
1124 1767 1180 1849 17.Ι
1196 1805 1228 1868 p.
1240 1781 1320 1865 23.).

529 1901 714 1988 Campis,
744 1903 912 1982 Καμηφις,
937 1895 973 1967 Q
992 1917 1052 1961 neo
1078 1920 1143 1963 non
1164 1900 1192 1975 ἃ
1212 1916 1420 1984 cognomen·
1445 1892 1590 1958 Vocatur
1618 1890 1704 1954 caim
1727 1885 1812 1970 apud
1836 1882 2011 1950 Stobaeum
2032 1884 2161 1970 (Eclog.
2181 1884 2276 1968 Phys.

444 2023 767 2114 p.120.)rrporrorarp
794 2039 846 2078 και
866 2034 992 2080 παντων
1011 2038 1257 2098 προγενεστερος.
1299 2012 1423 2077 Eadem
1445 2009 1628 2074 tribuuntur
1648 2001 1813 2083 Vulcano,
1838 2022 1896 2066 seu
1918 2000 2024 2066 Philia
2051 2002 2125 2086 (Θ).
2169 1997 2279 2065 Theo·

447 2140 561 2228 rophia
582 2133 710 2221 quidem
731 2129 930 2216 Aegyptiace
952 2141 1017 2191 tres
1031 2129 1132 2193 'docet
1153 2126 1353 2214 Cameplres,
1385 2138 1529 2212 patrem,
1559 2121 1662 2188 filium
1685 2133 1720 2184 et
1741 2131 1891 2205 nepotem
1921 2117 2083 2198 (Damaso.
2104 2119 2139 2182 iu
2162 2115 2279 2183 Wolfii

447 2253 569 2324 Auecd.
591 2249 646 2315 Gr.
668 2245 813 2330 T.111);
836 2245 954 2309 diserta
978 2259 1086 2312 autem
1107 2247 1244 2310 traditur
1266 2243 1307 2309 ab
1330 2243 1461 2322 eodem,
1487 2243 1620 2303 tertioue
1642 2233 1835 2322 Correptio,
1859 2243 1907 2302 rio
1922 2241 2119 2302 ememtes
2139 2255 2161 2298 o
2179 2245 2279 2320 patre

448 2381 484 2436 et
502 2388 588 2450 aaa,
619 2382 690 2430 erte
711 2359 829 2427 Solen.
871 2359 1024 2426 Ceterum
1046 2365 1199 2448 Καμηφις
1220 2359 1422 2426 hauddubie
1443 2356 1607 2422 descendit
1628 2377 1648 2419 a
1667 2372 1864 2458 mne-qa,
1886 2358 2104 2418 cruentator
2119 2348 2277 2438 Aegypti,

449 2503 546 2575 atque
566 2484 683 2548 diserte
705 2477 819 2544 Cicero
840 2476 933 2563 (Nat.
955 2477 1051 2543 Deor.
1066 2477 1126 2542 111.
1147 2480 1238 2562 ew)
1260 2484 1316 2560 ait,
1336 2473 1511 2541 secundant
1539 2472 1718 2538 Vulcanum
1738 2490 1810 2537 erre
1827 2467 1934 2536 Ptrta
1955 2471 2007 2551 (Θ
2024 2475 2061 2531 et
2078 2469 2132 2549 ἃ),
2151 2476 2190 2532 ct
2210 2466 2276 2531 Ae-

448 2606 561 2690 gyptii
578 2594 770 2683 appellant,
789 2612 880 2680 queas
899 2594 1062 2660 custodes·
1085 2593 1235 2680 Aegypte·
1252 2597 1377 2660 voleat.

362 2715 364 2719 ’
533 2710 702 2788 Carolus,
735 2709 908 2797 Conopas,
944 2714 1099 2792 Κανωβος
1125 2717 1148 2797 i!
1175 2711 1366 2800 significant
1415 2709 1488 2774 lloc
1517 2727 1633 2774 nomen
1656 2705 1771 2772 Graeci
1797 2709 2050 2790 interpretantur
2076 2700 2279 2766 Mercurium

448 2835 553 2902 Notas
574 2841 623 2895 eat
646 2829 732 2893 enim
751 2826 950 2907 Mercurius,
971 2829 1041 2893 ciue
1060 2828 1212 2913 Hermes,
1233 2829 1463 2897 cenobiticua
1484 2824 1687 2892 Vooabulum
1710 2822 1845 2910 Canopi,
1866 2833 1950 2886 teste
1966 2816 2109 2886 Ariadde
2125 2817 2280 2907 (Aegypt.

447 2949 567 3018 tolon
588 2945 700 3027 Han),
722 2942 883 3030 siguificat
904 2965 1037 3010 aureum
1058 2945 1162 3012 solum
1183 2948 1331 3031 (gonorus
1355 2943 1510 3029 ἔδαφος),
1540 2945 1592 3008 oui
1621 2942 1793 3028 respondet
1813 2959 1892 3006 aene
1912 2951 2117 3030 atAt-stopa
2144 2955 2281 3000 aurare

450 3066 562 3133 colunt.
606 3061 730 3127 Aurum
753 3081 831 3124 vero
852 3062 874 3138 ἕ
895 3058 1046 3146 planetae
1066 3083 1202 3146 merum,
1224 3064 1309 3130 vnde
1324 3076 1357 3130 et
1379 3063 1402 3144 li
1426 3081 1615 3146 χρυσυφαης
1636 3057 1750 3123 dieitur
1773 3071 1806 3123 et
1828 3077 1960 3124 auream
1974 3067 2125 3134 statuam,
2147 3072 2280 3118 aureum

451 3181 639 3254 caduceum,
663 3197 783 3245 aureas
798 3174 933 3263 phyalas
955 3190 988 3241 et
1008 3175 1073 3240 alia
1088 3177 1202 3244 habuit
1221 3201 1266 3244 ex
1283 3202 1363 3245 auro
1384 3177 1542 3245 fabricata
1562 3173 1709 3260 symbola
1730 3175 1879 3262 (Lociau.
1901 3173 1989 3240 Tox.
2004 3171 2087 3258 Opp
2105 3167 2146 3234 11.
2167 3191 2189 3254 p
2209 3169 2279 3252 ts).

452 3299 508 3363 Ex
529 3292 642 3358 eadem
663 3287 772 3354 radice
800 3291 925 3360 Anubis
948 3291 1019 3358 siae
1045 3296 1088 3377 ἕ,
1110 3295 1151 3359 da
1177 3317 1241 3382 quo
1264 3296 1395 3360 dictum.
1447 3292 1558 3368 Quare
1584 3292 1728 3359 Anubidi
1754 3303 1853 3358 aurea
1877 3291 1977 3356 iacias
2004 3285 2178 3370 tuturus„
2208 3287 2284 3354 Huc

452 3420 577 3499 spectat
598 3403 708 3470 labala
737 3403 777 3468 de
804 3401 956 3469 Menelao
986 3411 1118 3490 eiusque
1137 3411 1287 3478 nauclero
1308 3409 1453 3477 Canobo.
1497 3406 1632 3474 Constat
1656 3413 1741 3475 enirn
1764 3405 1946 3474 el‘autheo
1966 3402 2152 3469 Jablonekii
2173 3403 2282 3490 (LV.

454 3551 482 3594 c.
490 3533 520 3592 4.
541 3522 685 3611 pisa),
709 3499 789 3587 haee
808 3522 913 3607 magia
934 3523 1146 3586 asmonomiea
1165 3543 1261 3607 quarn
1280 3525 1434 3586 historica
1452 3545 1533 3592 em.
1576 3525 1745 3592 Menelaus
1766 3527 1851 3589 enim
1871 3521 2123 3628 migma,
2148 3521 2283 3588 Bam.

453 3635 790 3718 ricam.is.l,2,oc‚
811 3639 882 3724 ipse
903 3649 953 3702 est
973 3635 1026 3720 Q,
1057 3641 1148 3702 cuius
1167 3652 1317 3704 constans
1339 3657 1446 3704 eomes
1468 3657 1506 3702 ae
1529 3641 1699 3703 nauclerus
1722 3643 1745 3720 li
1770 3654 1830 3712 est.
1871 3641 1961 3704 inira
1982 3639 2168 3726 apparebit,
2192 3639 2228 3710 Θ
2249 3660 2285 3703 ao

453 3759 594 3845 reliquos
613 3754 761 3842 planetas
782 3755 922 3840 nauigiis
943 3756 1062 3820 circum
1085 3768 1203 3821 terram
1230 3754 1425 3822 mcumuahi
1453 3756 1559 3840 putari
1582 3753 1646 3840 (ΙΙΙ
1677 3753 1763 3838 Η).
1806 3754 1904 3833 Quod
1925 3777 2002 3821 vero
2022 3754 2193 3822 Menelaus
2214 3779 2284 3822 curn

454 3873 589 3941 Canobo
611 3874 645 3936 in
664 3871 743 3937 vrbe
764 3869 890 3956 Canopi
916 3870 1040 3957 appulit
1061 3871 1167 3938 redux
1188 3872 1294 3938 iactas
1316 3895 1334 3938 e
1356 3870 1442 3937 bello
1462 3868 1625 3953 Troiano,
1655 3871 1689 3936 id
1711 3871 1862 3938 cohaeret
1890 3893 1961 3938 cam
1983 3874 2049 3937 situ
2071 3871 2168 3938 huius
2188 3870 2283 3936 vrbis.

455 3990 583 4060 Scilicet
602 3985 773 4064 Canobus,
798 3987 832 4050 in
852 3985 966 4054 vltima
987 3987 1128 4076 Aegypti
1156 4004 1250 4077 parte
1269 3991 1352 4082 sita,
1381 3988 1554 4074 respondet
1575 3991 1712 4054 termino
1731 3987 1871 4076 Aegypti
1902 4003 1935 4054 et
1955 3987 2149 4058 semicirculi
2171 3983 2285 4054 solaris

454 4113 489 4175 in
512 4113 541 4190 ἦ
564 4105 640 4172 fine.
685 4102 739 4168 Sic
759 4100 937 4187 Dionysias
957 4105 1141 4193 l’eriegetes
1162 4111 1247 4174 canit
1269 4106 1315 4194 (V
1318 4155 1326 4171 .
1338 4104 1411 4190 t2):
1430 4102 1487 4169 obs·
1505 4111 1647 4171 mirre
1672 4104 1815 4171 borealis
1834 4116 1887 4171 eet
1910 4103 2232 4190 Aegyptiacorum,
2252 4112 2290 4167 et

451 4225 575 4302 sonan
590 4217 785 4306 percelebre
818 4216 992 4301 Amyclaea·
1021 4221 1153 4290 Custodi.
1205 4223 1430 4290 Terminorum
1457 4243 1534 4288 vero
1556 4221 1653 4298 Deus
1675 4244 1739 4288 uon
1760 4221 1865 4290 solum
1893 4222 1979 4310 apud
2007 4219 2150 4287 Graecos
2167 4219 2285 4286 Roma-

373 4379 379 4388 ·
458 4359 598 4426 noeque,
620 4335 677 4402 sed
699 4335 879 4422 Aegyptios
898 4339 1068 4425 qooqoei
1097 4340 1198 4407 inisse
1213 4341 1352 4408 ridetur.
1396 4337 1502 4417 Quam
1525 4337 1567 4406 ob
1585 4361 1715 4406 causam
1735 4342 1832 4405 etiam
1854 4339 2127 4426 Aegyptiorum!
2146 4335 2283 4418 Anubis,

462 4470 499 4522 rt
519 4455 678 4532 vidimus,
712 4450 836 4518 duobus
863 4453 1021 4542 eapitihus
1050 4455 1246 4545 fingebatur.
1296 4462 1349 4527 En
1369 4459 1475 4526 locum
1504 4456 1696 4545 probantem
1723 4453 1899 4522 Clementia
1928 4455 2059 4544 (Strom.
2076 4452 2118 4519 V.
2147 4476 2178 4540 p.
2198 4456 2286 4531 567).

457 4571 568 4656 Atque
593 4571 657 4634 duo
679 4567 805 4652 pridem
827 4589 928 4635 curret
951 4570 993 4658 (ξ
1011 4576 1146 4660 moros),
1168 4578 1288 4663 iuquit,
1311 4573 1454 4658 spoleta
1474 4583 1553 4639 mat
1572 4574 1708 4638 datorum
1728 4569 2069 4660 bramptoniam.
2114 4565 2211 4655 Soet,
2230 4575 2289 4656 qao·

458 4686 585 4762 colant,
603 4687 745 4766 tropicos
764 4685 955 4768 malicori
965 4709 1028 4775 per·
1048 4711 1160 4776 coner,
1181 4697 1240 4777 pai
1258 4689 1449 4756 mrodtast
1466 4688 1513 4754 ad
1532 4692 1643 4753 instar
1662 4694 1840 4756 sansana
1860 4709 2026 4755 accercitur
2050 4687 2133 4755 sotir
2148 4685 2195 4752 od
2209 4705 2288 4750 oar·

461 4813 546 4871 trtttt
570 4809 607 4864 et
631 4805 894 4883 septentriones.
943 4803 1029 4872 Hinc
1058 4823 1093 4874 at
1117 4811 1235 4875 ianitor
1264 4804 1434 4872 Cerberos.
1483 4805 1571 4892 Ergo
1602 4802 1755 4874 Canobus
1780 4809 1803 4889 l!
1829 4804 1956 4873 Canobi
1981 4797 2089 4870 cultus
2118 4806 2289 4870 terminum

461 4912 650 4986 semicirculi
672 4910 787 4978 ⁸⁰er5!
806 4915 840 4978 in
859 4913 925 4982 fine
950 4925 979 5000 z
1008 4925 1139 4994 indicat.
1178 4925 1294 5012 ltaque
1312 4942 1429 4990 nomen
1448 4921 1593 4990 Menelai
1613 4920 1676 5011 (Q)
1695 4927 1829 4992 innuere
1848 4923 1976 4989 videtur
1998 4919 2101 4986 solem
2122 4941 2196 4985 eum
2217 4919 2289 5004 (ii)

461 5031 612 5099 nauclero
633 5027 790 5094 reducem·
805 5030 846 5096 ad
866 5035 1034 5119 pristinum
1053 5040 1184 5108 zodiaci
1203 5042 1320 5126 locum,
1342 5043 1462 5130 quippe
1476 5043 1646 5108 terminum
1666 5043 1832 5127 rtriusque
1849 5036 2090 5124 hemisphaerii.
2135 5033 2289 5101 Ceterum

461 5147 587 5218 Canobi
606 5143 783 5213 floruerunt
810 5163 914 5235 artes,
942 5159 1133 5242 praesertim
1162 5157 1406 5241 mathematica,
1445 5162 1659 5241 utronomia,
1681 5155 1873 5243 astrologia,
1903 5173 2003 5242 quare
2029 5163 2064 5216 et
2083 5149 2290 5216 Ptolemaeus

462 5267 588 5354 Canopi
611 5267 654 5330 4⁰
673 5283 732 5349 1¹0¹
754 5285 855 5372 mos
876 5267 979 5338 literis
998 5293 1131 5359 operam
1153 5273 1255 5337 dedit:
1281 5295 1365 5360 quae
1386 5275 1513 5359 quidem
1537 5271 1899 5359 screationum)
1922 5283 2087 5336 auctorem
2111 5281 2144 5331 et
2170 5282 2288 5353 patro-
