4958 6092
958 501 1418 578 -v11—'

218 699 381 789 panem,
405 685 632 785 praesertim
660 705 780 782 qutun
802 685 888 760 aliis
907 689 1025 764 edera
1042 688 1438 786 auxiflisinstructus
1455 687 1581 762 ,fuerit
1603 711 1703 764 nuuc
1730 689 1910 788 perditis,
1932 695 2057 770 minus

216 833 368 922 promte
390 820 671 916 neglexissent,
690 819 837 905 ¹melius
851 843 961 896 nunc
986 845 1028 898 se
1056 822 1213 900 baberet
1237 827 1360 898 omnir
1385 823 1565 898 historiae
1590 827 1711 915 ratio,
1745 827 1866 925 qualis
1890 828 2058 904 milleio

215 957 322 1038 libris
342 945 564 1060 ,sobolisque
578 966 799 1038 reametur.
857 955 993 1058 Vtique
1023 961 1117 1036 haec
1152 960 1284 1055 grauia
1318 969 1417 1035 suut.
1476 958 1587 1034 Patet
1616 962 1718 1034 enim
1748 983 1866 1051 nunc,
1904 985 2057 1038 omnem

215 1093 416 1184 historiam
448 1095 529 1166 llio
559 1092 673 1169 aunis
701 1093 952 1190 antiquiorem
986 1118 1091 1185 esse,
1129 1115 1243 1194 quam
1271 1091 1385 1186 vulgo
1415 1090 1589 1167 ereditur.
1639 1093 1740 1169 Hine
1767 1117 1898 1170 omnes
1927 1119 2056 1172 rerum

207 1238 408 1324 gestarum
432 1237 592 1302 euentus
612 1236 695 1302 tum
720 1229 951 1325 antiquiores
972 1231 1093 1321 Mose,
1117 1241 1197 1304 tum
1220 1229 1461 1326 posteriores,
1476 1228 1526 1302 ad
1549 1229 1636 1319 alia,
1663 1251 1779 1327 quam
1805 1229 1972 1320 docetur,
1997 1256 2057 1305 re·

216 1361 309 1436 ferri
341 1361 482 1437 debent
502 1354 695 1460 ,tempora
755 1360 923 1436 Hincin
951 1367 1187 1440 successione
1219 1374 1392 1438 veterum
1419 1386 1552 1458 regum
1584 1375 1624 1436 et
1656 1363 1919 1458 dynastiarum
1953 1366 2057 1465 apud

216 1495 393 1585 Graecos,
407 1490 616 1584 Hebraeos,
636 1493 1207 1597 Persas,.Chaldaeosaliosque
1232 1508 1322 1574 sunt
1342 1499 1551 1572 interualla.
1601 1497 1700 1572 Hinc
1717 1500 1922 1576 multorum
1940 1520 2058 1595 regna

215 1627 385 1710 interae
407 1641 497 1725 suut
516 1631 793 1725 consequentia,
814 1653 891 1705 non
914 1635 1088 1732 aequalia
1113 1645 1292 1733 tempore.
1343 1629 1443 1706 Hinc
1466 1630 1729 1726 disiungeuda,
1750 1657 1846 1733 quae
1865 1637 1907 1708 iu
1926 1655 2055 1709 rerum
2077 1647 2084 1740 1

216 1771 408 1860 gestarum
432 1763 983 1842 enarrationeconiunxemnc
1032 1769 1136 1844 Hinc·
1160 1769 1227 1844 alii
1251 1790 1373 1862 reges,
1398 1767 1495 1841 aliae
1517 1789 1579 1840 res
1606 1777 1734 1862 gestae
1758 1779 1847 1842 sunt
1868 1767 2056 1865 aequales,

216 1919 330 1998 quam
356 1906 557 1997 putarent,
580 1899 746 1999 eiusque,
759 1905 907 1997 generis
934 1903 1021 1978 alia
1074 1902 1180 1995 Quae
1208 1873 1355 1992 omnia,
1381 1898 1701 2000 quemadmodum
1721 1905 1885 1976 nuncin
1903 1903 2056 1978 vniuer-

217 2055 301 2110 sum
333 2033 589 2127 corriguntur,
626 2035 682 2110 ita
711 2035 872 2112 subinde
911 2041 1191 2116 accuratissime
1227 2038 1454 2112 definientur
1484 2041 1741 2112 monumentis
1780 2035 2055 2134 Acgyptiorum

201 2168 688 2244 historico-astronomicis
710 2170 791 2245 fere
812 2174 1021 2250 innumeris
1041 2175 1209 2248 omnium
1235 2183 1418 2260 aetamm,
1439 2173 1579 2271 partim
1606 2173 1893 2272 antiquioribus,
1915 2169 2054 2270 partim

213 2301 424 2378 iunioribus
447 2302 658 2378 Monolitho
684 2303 851 2396 Amosis,
877 2306 1117 2406 Sarcopbago
1143 2307 1334 2384 Ramessis
1359 2305 1582 2395 Meiamuni,
1600 2306 1838 2407 Sarcopbago
1854 2303 1963 2380 Setbi
1986 2301 2050 2378 vel

203 2434 378 2518 ·'l¹lr'ueris
399 2438 578 2513 Menelai.
629 2437 727 2515 Hine
754 2462 846 2517 vero
868 2443 985 2518 etiam
1007 2445 1142 2534 claret,
1167 2443 1388 2518 Versionem
1407 2439 1520 2518 LXX
1554 2442 1680 2516 minus
1710 2441 1950 2518 librariorum
1975 2461 2055 2512 eor-

213 2573 378 2672 ruptelis
394 2573 601 2650 obnoxiam
623 2565 762 2664 feisse,
792 2597 905 2678 quam
924 2590 1116 2678 putarunt
1753 2547 1756 2554 Ι

319 2706 443 2798 Quum
463 2709 623 2783 historia
648 2709 858 2784 arctissime
886 2735 972 2788 cum
993 2714 1237 2809 chronologis
1259 2711 1476 2800 cohaereat;
1500 2732 1569 2808 per
1597 2732 1638 2782 se
1658 2709 1795 2797 claret,
1817 2717 1956 2804 quanto
1979 2704 2054 2803 ipsi

197 2845 266 2918 sit
290 2844 523 2919 incremento
549 2847 783 2944 astronomia
804 2845 1041 2945 Aegyptiace
1062 2849 1105 2920 in
1128 2848 1362 2924 uniuersum.
1412 2841 1510 2914 Sunt
1532 2863 1625 2920 vero
1651 2852 1692 2914 et
1715 2842 1931 2936 singularia,
1956 2859 2051 2936 quae

198 2979 275 3054 bic
294 2988 643 3054 commemorentur.
679 2979 892 3073 Dynastiae
912 2979 1171 3077 Aegyptiacae
1194 2975 1297 3075 apud
1311 2973 1579 3048 Manethoncm
1596 2985 1761 3048 uetawm
1780 2975 1928 3049 Diluuii
1949 2985 2054 3046 ante-

193 3124 368 3189 ·vertuut
396 3115 497 3188 1ooo
519 3113 640 3186 annm.
691 3111 792 3185 Hinc
816 3112 1058 3207 potissimum
1088 3121 1172 3184 orta
1195 3117 1256 3182 est
1279 3106 1345 3182 illa
1370 3105 1586 3206 coenata,
1602 3110 1703 3182 inter
1727 3108 1960 3208 scripturam
1986 3081 2081 3184 Sal

211 3271 316 3322 eram
348 3259 461 3343 atque
491 3245 690 3318 historiam
715 3243 988 3340 Aegyptiarum
1021 3239 1284 3339 discrepantia
1336 3237 1442 3329 Quae
1471 3241 1574 3316 nulla
1605 3253 1684 3331 est,
1710 3246 1858 3344 cognita
1882 3255 2052 3318 astrono-

208 3384 314 3455 miae
342 3378 627 3475 antiquissimae
648 3377 807 3445 rstione.
860 3373 982 3446 Docet
1004 3376 1128 3464 euim,
1151 3375 1294 3472 primos
1321 3371 1424 3473 apud
1448 3374 1713 3452 Manethonem
1736 3401 1843 3473 reges
1865 3401 1942 3452 non
1968 3399 2051 3454 esse
2180 3367 2185 3378 ⁴

207 3535 338 3598 veros,
362 3509 432 3584 sed
452 3504 696 3604 suppositios,
720 3505 869 3605 quippe.
887 3509 1060 3606 planetas
1086 3520 1233 3607 septem
1255 3529 1340 3604 cum
1370 3519 1481 3598 terra,
1508 3510 1590 3583 siue
1612 3508 1790 3600 Cabiros,
1813 3512 1946 3585 ordine
1968 3511 2051 3588 vul-

198 3645 294 3744 gari
313 3655 363 3734 (θ
386 3648 607 3733 ΗΘΜ
625 3647 651 3733 t,
672 3649 698 3734 3
719 3664 756 3738 p.
778 3642 867 3739 83.)
918 3642 1099 3718 Manetbo
1127 3645 1169 3720 iu
1194 3643 1363 3717 historiav
1377 3664 1447 3717 sua
1471 3666 1579 3739 reges
1605 3661 1788 3735 recenset,
1811 3648 1874 3743 qui
1901 3643 2052 3719 deside-

203 3792 350 3856 ¹rentur.
373 3770 476 3874 apud
496 3771 672 3870 ,reliquos
700 3775 919 3867 historicos,
954 3780 1157 3877 praecipue
1189 3779 1231 3850 in
1261 3775 1409 3851 Tabula
1429 3775 1615 3871 Abydica.
1667 3778 1766 3852 Hinc
1790 3753 2051 3878 champollion

210 3913 372 4015 putauit,
389 3907 575 3982 Tabulam
592 3907 818 4003 Abydieam‚
840 3913 929 3986 lieet
947 3919 1047 3988 1400
1064 3913 1172 3988 aunis
1191 3912 1443 4010 antiquiorem
1468 3911 1710 4004 Manethone,
1729 3917 1914 3989 minorem
1937 3911 2051 3988 fidem

210 4048 362 4125 mereri.
390 4041 556 4119 ¹Contra
586 4042 723 4121 docent
737 4107 740 4114 .
755 4051 1031 4126 astronomicae
1061 4047 1368 4138 obseruationes,
1398 4047 1669 4124 Manethonem
1701 4050 1889 4148 principes
1915 4047 2050 4122 fecisse

210 4185 373 4261 aliorum
405 4201 660 4273 successores,
696 4186 761 4282 qui
793 4195 921 4260 essent
962 4193 1087 4258 aetate
1125 4182 1321 4281 aequales,
1370 4193 1415 4260 vt
1440 4181 1669 4279 Lagidarum
1704 4193 1874 4279 tempore
1904 4181 2050 4258 accidit

210 4316 488 4394 Desiderantur
515 4312 619 4411 apud
643 4315 912 4394 Manethonem
935 4329 976 4397 et
999 4317 1164 4415 reliquos
1190 4315 1390 4392 historicon
1416 4340 1492 4394 non
1520 4320 1641 4394 solum
1666 4337 1774 4410 reges
1799 4317 1955 4412 singuli,
1982 4317 2052 4392 sed

212 4452 414 4548 dmastiae
436 4471 582 4548 quoque
614 4453 794 4548 integrae.
846 4455 945 4530 Hinc
974 4451 1124 4528 difficile
1148 4465 1251 4527 esset
1275 4453 1480 4528 multorum
1508 4474 1638 4548 regum
1661 4452 2052 4555 historiasuenarrsre,

212 4591 246 4662 si
265 4584 474 4662 eorundem
494 4586 536 4657 in
556 4591 813 4666 monumentis
838 4611 918 4666 uon
943 4589 1145 4666 adiunctae
1171 4600 1299 4663 essent
1320 4587 1740 4687 ipsorum'natiuitates.
1790 4583 1889 4660 ilinc
1911 4583 2050 4658 multos

203 4747 321 4818 reges
342 4722 510 4798 iuniores
539 4721 732 4814 feceruut,
762 4737 829 4802 aut
856 4727 1088 4825 antiquiores
1119 4724 1229 4798 iusto.
1290 4723 1464 4820 Inprimis
1491 4745 1585 4798 vero
1617 4723 1755 4796 artium
1782 4719 2048 4816 literarumque

213 4857 536 4936 bistoriamirum
561 4859 602 4930 iu
620 4857 776 4934 modum
800 4861 937 4934 instrui
963 4873 1003 4934 et
1028 4860 1162 4954 corrigi
1185 4881 1297 4956 posse
1322 4854 1474 4932 videtur
1495 4858 1756 4932 astronomicis
1771 4855 2049 4950 Aegyptiorum

213 4993 549 5070 obseruationibus.
601 4989 815 5085 Quaeritur,
835 5015 911 5092 qua
925 5005 1052 5068 aetate
1072 5005 1157 5070 orta
1175 4994 1262 5084 sint,
1285 5002 1469 5092 quotquot
1490 5003 1658 5080 exstant,
1678 4991 1818 5065 artium
1836 4987 2049 5060 literarum·

214 5149 287 5227 que
320 5139 567 5205 monumenta
598 5129 701 5228 apud
732 5128 961 5228 Aegyptios3
1003 5147 1078 5224 quo
1109 5137 1279 5224 tempore
1304 5107 1501 5201 floruerint
1523 5138 1643 5214 artes,
1683 5147 1757 5222 quo
1786 5121 2047 5205 deflorueriut3

198 5263 335 5364 qualis
359 5263 476 5340 fucrit
499 5267 621 5362 stylus
635 5265 866 5363 siugrdorum
881 5264 1114 5346 saeculomm
1130 5263 1434 5362 singularumque
1456 5263 1660 5357 regionum.
1711 5256 1855 5348 Quibus
1874 5257 1915 5328 in
1933 5251 2049 5328 rebus
