4830 6102
1181 509 1551 590 *354-

459 711 673 800 peruersitute
694 717 875 794 apusorum,
896 706 1056 770 veriorem
1077 701 1211 766 deDeo
1235 701 1410 766 dnmrinam
1433 722 1636 768 conseruare.
1680 701 1794 788 ltaque
1814 702 1965 786 mysteria
1982 700 2117 766 fuerunt
2134 704 2287 768 instituta.

461 832 497 896 ln
522 830 595 896 aliis
614 830 708 905 enim,
732 824 850 909 quippe
872 819 1088 902 inferioribus,
1108 817 1298 886 tradendum
1313 833 1384 884 erat
1405 833 1510 904 eante,
1532 835 1645 886 eontra
1664 819 1756 908 vnlgl
1779 821 1957 906 opiniones,
1974 819 2052 906 qnid
2071 817 2292 907 significarent

462 948 519 1012 illa
544 941 692 1010 animalia
714 957 806 1004 soora
826 949 1017 1024 statuaeque
1036 935 1134 1002 rebus
1158 939 1258 1004 saeris
1276 940 1467 1026 insiguitse;
1499 937 1564 1004 alia
1582 941 1741 1022 mysteria
1760 935 1932 1016 nobiliora,
1952 941 1990 1002 st'
2015 935 2227 1021 Cabyrorum,
2244 941 2290 1002 in·

461 1057 644 1129 seruiebant
665 1053 705 1120 al
726 1057 883 1121 seriorem
904 1054 944 1120 de
960 1055 1024 1121 Dei
1041 1057 1083 1124 0.
1102 1055 1148 1122 bl.
1171 1067 1288 1122 natura
1311 1057 1443 1144 eiusque
1463 1054 1716 1143 proprietatibus
1734 1056 1912 1121 doctrinam
1934 1053 2179 1141 propagandam
2201 1069 2291 1142 atque

459 1185 492 1244 in
513 1180 614 1242 vitam
635 1192 793 1259 saumque
815 1173 1040 1239 resonandum.
1353 1159 1359 1168 ”

546 1293 655 1371 Quum
681 1311 726 1358 ex
749 1311 836 1356 sana
862 1289 928 1354 fide
960 1301 994 1354 et
1019 1291 1247 1374 superstitione
1273 1292 1412 1355 oriretur
1430 1293 1549 1355 misera
1577 1291 1664 1364 sita3
1706 1289 1905 1354 exstiterunt
1925 1286 2059 1354 subinde
2078 1291 2186 1354 sarias
2207 1289 2289 1373 apud

462 1427 577 1501 gentes
592 1413 672 1476 certi
689 1409 939 1495 sapientes,·qni
962 1405 1096 1492 vulgum
1118 1407 1355 1492 apantheismo
1377 1404 1417 1470 sd
1440 1406 1709 1472 monotheisrnunr
1731 1419 1933 1488 resonarent,
1957 1419 1994 1470 rt
2015 1406 2184 1471 zoroaster
2205 1405 2290 1491 apud

461 1531 588 1608 Persas,
611 1527 785 1593 Coniueius
808 1525 892 1611 apud
915 1523 1077 1602 Sirenses,
1098 1522 1236 1590 Bnddba
1259 1527 1343 1610 apud
1363 1523 1471 1604 ludos,
1495 1525 1624 1612 aliique.
1666 1523 1728 1588 His
1749 1523 1879 1611 quidem
1899 1525 1990 1606 siris,
2013 1523 2069 1610 qul
2089 1535 2219 1610 propter
2238 1543 2298 1586 sa·-

463 1650 617 1734 plentiam
640 1644 679 1709 sd
701 1643 829 1708 diuinae
849 1643 1024 1728 sapientiae
1046 1639 1227 1725 symbolum
1251 1641 1265 1725 (
1276 1644 1323 1728 ἕ)
1344 1641 1438 1706 relati
1457 1643 1596 1729 indeque
1618 1643 1773 1706 nominati
1794 1641 1935 1723 fuerunt,
1952 1641 1986 1706 id
2010 1639 2126 1706 saltam
2150 1640 2290 1726 contigit,

463 1777 499 1826 rt
521 1763 672 1847 dogmata
699 1758 866 1847 religionis
887 1758 1079 1845 astrologico
1099 1760 1133 1822 iu
1162 1761 1321 1846 principio
1347 1759 1474 1824 condita
1499 1759 1716 1826 emendarent.
1761 1758 1997 1824 Remansernnt
2023 1773 2132 1823 tamea
2165 1759 2287 1842 antiqua

462 1881 618 1966 principia
638 1879 736 1943 etiam
755 1877 806 1941 bis
826 1879 858 1940 in
880 1878 986 1940 terris.

468 1991 471 1998 ’
547 1995 630 2060 Sunt
652 2005 761 2060 antem
782 2005 914 2079 gentes,
944 2011 1027 2078 quae
1049 1992 1138 2058 nullo
1160 1993 1218 2059 tali
1240 1993 1419 2082 gauderent
1439 1993 1590 2075 doctore,
1619 2010 1754 2080 quaram
1776 1989 1893 2081 religio
1913 1991 2092 2058 eo.sensim
2114 1995 2291 2078 sensimque

454 2115 630 2201 peruenit,
661 2131 725 2197 quo
751 2111 922 2197 peruenire
959 2107 1086 2192 debuit,
1121 2131 1238 2196 nempe
1268 2109 1309 2178 ad
1334 2111 1513 2198 perlectum
1541 2109 1785 2175 naturalismum
1815 2122 1849 2174 et
1874 2108 2118 2175 letbehismum.
2162 2107 2295 2176 Amissis

465 2233 551 2296 enirn
571 2228 755 2296 notionibus
784 2227 1006 2294 astronomicis
1026 2239 1061 2292 et
1080 2229 1316 2314 physicalibus‚
1349 2229 1482 2294 abiectis
1510 2225 1665 2310 Cabyris,
1696 2227 1756 2292 diis
1780 2225 2023 2308 Zodlaeallbss,
2051 2228 2136 2292 sinis
2161 2227 2291 2292 deorum

465 2344 619 2430 symbolis
641 2359 674 2410 et
694 2346 865 2430 mysteriis,
887 2343 998 2410 colunt
1018 2349 1145 2412 nonnisi
1167 2346 1276 2413 Solem
1300 2339 1610 2436 aliaque-naturalia
1634 2356 1691 2408 aut
1713 2344 1855 2427 laetitia,
1877 2355 2014 2426 statuas,
2037 2343 2179 2410 amuleta
2198 2343 2293 2410 aliss-

465 2480 528 2549 qua
549 2483 602 2528 res
621 2461 807 2543 vilissimas,
829 2459 1037 2528 obseruandis
1059 2463 1182 2550 aliquot
1203 2466 1360 2529 maiorum
1383 2483 1513 2528 snorum
1535 2461 1678 2528 moribus
1698 2471 1731 2526 et
1752 2463 1927 2545 institutis,
1952 2461 2134 2549 exquibus
2155 2463 2292 2549 genuina

465 2582 608 2665 ipsorum
629 2582 721 2667 origo
748 2591 782 2644 et
805 2599 877 2644 cuns
898 2578 970 2645 aliis
991 2580 1120 2667 populls
1144 2577 1283 2646 affinitas
1303 2579 1507 2667 colligantur.
1549 2579 1643 2645 Haec
1662 2589 1712 2644 est
1734 2581 1819 2644 ratio
1840 2577 2031 2667 populorum
2053 2579 2225 2669 gentilium
2245 2601 2292 2646 re·

464 2695 658 2762 oeudoribus
679 2697 807 2762 demum
828 2697 1027 2786 temporibus
1047 2712 1267 2787 repertorum,
1287 2709 1325 2762 rt
1346 2697 1611 2766 Americanornm
1634 2709 1667 2762 et
1686 2695 1923 2763 insulanorumt
1988 2759 1997 2764 .

550 2813 665 2900 Itaque
694 2812 887 2901 astrologico
915 2838 961 2882 ex
990 2818 1148 2904 principio
1173 2817 1362 2903 prodierunt
1393 2827 1551 2905 quotquot
1576 2812 1750 2901 religiones
1778 2826 1908 2900 praeter
1935 2811 2090 2878 renelmus
2117 2814 2291 2877 valueram

467 2929 552 3015 apud
572 2928 710 3016 populos
732 2931 889 3016 antiquos,
913 2947 1070 3023 quotquot
1091 2935 1267 2999 etiamnum
1287 2937 1320 3000 iu
1342 2955 1404 3000 rsa
1426 2946 1501 3019 sunt
1521 2931 1605 3020 apud
1628 2930 1778 3020 gentiles.
1821 2932 2045 2998 Demonstrati
2065 2933 2146 2998 enlm
2169 2947 2288 3018 potest,

333 3053 339 3060 '
465 3052 531 3132 qn‘a
548 3048 675 3112 ratione
696 3051 837 3136 genuina
853 3047 935 3118 fides
956 3053 997 3119 ad
1018 3071 1130 3118 omnes
1150 3051 1288 3139 populos
1305 3066 1497 3141 propagata,
1519 3049 1656 3116 subinde
1675 3061 1810 3134 mutata,
1830 3050 2008 3138 deprauata
2026 3071 2064 3116 ac
2082 3069 2183 3136 paene
2197 3048 2288 3114 abro-
2406 3051 2407 3098 l

466 3175 545 3250 gata
565 3166 672 3249 luerit,
694 3170 854 3253 quomodo
875 3170 949 3235 talis
970 3171 1126 3254 euenerit,
1150 3169 1254 3256 qualis
1272 3191 1357 3234 nunc
1375 3183 1550 3235 sexcentas
1571 3165 1657 3256 apud
1681 3180 1796 3254 gentes
1816 3170 1985 3253 reperitur.
2029 3168 2100 3235 lam
2121 3165 2227 3250 claret,
2248 3168 2289 3230 ad
2406 3241 2407 3252 1

468 3279 663 3368 astrologiae
692 3287 847 3373 principia
869 3297 966 3374 atque
992 3289 1141 3374 antiquas
1160 3284 1378 3374 mythologias
1399 3287 1545 3352 reuocari
1567 3300 1600 3350 et
1621 3283 1779 3372 explicari
1801 3279 1920 3349 debere
1943 3289 2044 3352 etiam
2068 3285 2294 3352 hodiernorum

466 3397 634 3486 gentilium
655 3399 745 3467 Deos
766 3399 927 3491 Deaeque,
950 3405 1045 3487 lenta,
1066 3407 1158 3487 ritus,
1182 3403 1309 3492 aliaque
1330 3427 1432 3488 sacra,
1455 3403 1722 3493 quemadmodum
1740 3401 1826 3487 apud
1846 3400 2036 3490 Aegyptios.
2064 3438 2067 3446 ·

1329 3693 1370 3776 V
1391 3693 1427 3780 l.

829 3835 947 3910 Noas
962 3835 1205 3936 philologiae,
1223 3695 1458 3936 praeceditis
1484 3836 1747 3936 Aegyptiacos
1769 3833 1931 3908 metiris.
2049 3875 2057 3886 ·

550 3997 764 4087 Philologiam
785 4003 819 4066 in
841 4005 1044 4084 uniuersum,
1076 4021 1175 4089 quum
1196 4017 1343 4070 versetur
1370 4008 1405 4072 in
1427 4003 1629 4093 explicandis
1655 4016 1688 4070 et
1715 3999 1966 4087 interpretandis
1987 4013 2136 4068 veterum
2159 4007 2299 4091 sampds,

465 4115 654 4183 nnnsolum
677 4115 909 4200 acerborum,
943 4117 999 4183 sed
1022 4121 1119 4184 etiam
1141 4141 1237 4208 quam
1264 4125 1408 4189 maxime
1431 4147 1451 4188 a
1474 4145 1583 4189 rerum
1605 4123 1738 4188 seleutia
1758 4117 1898 4210 pandere
1922 4131 2059 4185 mussat.
2101 4115 2176 4194 Qua
2195 4121 2236 4185 de
2260 4140 2304 4186 re

464 4234 534 4297 siue
556 4255 634 4299 sera
656 4235 857 4323 antiquitatis
884 4238 1067 4322 cognitione
1090 4258 1155 4302 uon
1186 4237 1281 4303 datur
1309 4260 1389 4304 vera
1415 4256 1561 4307 veterum
1592 4241 1782 4325 scriptorum
1804 4230 2029 4322 intelligentia.
2075 4233 2189 4301 Omnis
2211 4259 2305 4306 sero

465 4353 664 4436 antiquitatis
686 4373 763 4438 pars
784 4353 976 4440 grauissima
1005 4367 1054 4418 est
1075 4355 1286 4443 mythologia.
1329 4345 1418 4444 Ergo
1442 4359 1562 4422 rectior
1585 4355 1805 4442 mythologiae
1826 4351 2039 4440 intelligentia
2059 4348 2156 4416 ism'et
2179 4355 2223 4421 ad
2246 4361 2304 4422 in-

464 4487 596 4532 numera
619 4468 814 4535 Grneoomm
839 4470 1094 4557 Latinorumque
1121 4469 1276 4536 librorum
1303 4471 1393 4556 loca,
1432 4478 1507 4561 quin
1539 4487 1608 4538 tota
1633 4486 1781 4540 veterum
1805 4490 1905 4558 opera
1929 4471 2045 4534 rectius
2065 4465 2301 4560 intelligenda.

464 4577 518 4644 Sic
538 4581 699 4652 Homerus
722 4602 755 4653 et
775 4585 939 4654 Hesiodus
961 4589 995 4654 in
1020 4586 1105 4653 Oreo
1128 4585 1275 4651 dicuutur
1296 4593 1443 4677 suspensi
1466 4591 1567 4657 luisse
1588 4591 1623 4656 iu
1651 4589 1784 4674 arbore,
1810 4593 1958 4677 quoniam
1978 4599 2107 4652 secreta
2125 4587 2302 4676 religionis

463 4699 678 4768 tradidissent.
722 4701 839 4780 Qualis
861 4703 919 4770 ills
941 4705 1062 4770 fuerint
1083 4717 1222 4788 sacrata,
1248 4705 1283 4770 id
1306 4707 1375 4770 siue
1396 4707 1541 4774 interiori
1561 4702 1780 4794 mpthologiaa
1803 4708 1987 4794 cognitione
2010 4705 2074 4770 dici
2095 4702 2182 4769 hand
2199 4725 2303 4792 pote·

462 4817 515 4883 rit.
558 4817 614 4884 Sic
636 4817 841 4897 Herodotus,
873 4820 1055 4904 Diodorus,
1088 4817 1243 4887 Aelianus
1271 4821 1390 4911 aliique
1413 4801 1610 4892 mulsis'vist
1640 4837 1715 4892 sunt
1736 4827 1856 4912 passim
1876 4825 1990 4909 inepta
2012 4821 2156 4894 traderet
2182 4835 2303 4890 manen

462 4931 617 5018 vidimus,
640 4957 738 5026 quum
759 4937 884 5003 ratione
904 4936 1105 5025 Aegyptiace
1126 4937 1368 5028 intelligantur,
1392 4963 1448 5009 eos
1472 4965 1552 5009 vera
1573 4959 1606 5010 et
1629 4946 1801 5023 concinna,
1823 4940 1899 5007 lieet
1918 4961 1999 5026 prae
2018 4937 2131 5028 timore
2151 4943 2305 5025 popula.

460 5049 545 5114 rium
569 5051 765 5120 subobscura
788 5053 944 5121 docuisse.
986 5051 1179 5144 Horapollo,
1203 5079 1300 5144 quum
1321 5055 1390 5125 lere
1412 5057 1552 5127 absurda
1573 5063 1754 5144 contineat,
1780 5063 1925 5150 prolecto
1949 5077 2031 5122 crux
2050 5053 2111 5118 ibit
2129 5053 2303 5142 interpre-

460 5179 539 5231 tum.
584 5166 743 5253 Apparuit
759 5187 880 5258 ¹erstem,
904 5173 983 5240 nihil
1006 5177 1038 5242 in
1061 5195 1100 5239 eo
1123 5195 1193 5240 asse
1215 5173 1357 5256 absurdi,
1380 5201 1477 5267 quum
1492 5153 1704 5268 'astrologica
1728 5177 1767 5244 de
1790 5201 1854 5266 quo
1877 5196 1973 5243 nemo
1996 5171 2098 5237 adhue
2120 5173 2298 5255 cogitauit,

459 5285 644 5371 accipiatur.
686 5273 847 5373 Exempla
867 5302 1022 5358 saxeeuts
1044 5289 1215 5356 habuimus
1237 5311 1335 5380 supra
1362 5296 1394 5359 in
1420 5293 1562 5361 Pantheo
1584 5295 1797 5382 Aegyptiace.
1840 5292 2032 5361 Tenendum
2054 5287 2159 5368 enlm,
2180 5285 2304 5353 llnra—
