4860 6092
902 497 1269 578 -139-

173 693 205 756 in
229 689 418 768 decuria2„
441 683 550 751 Sothis
578 684 760 772 appellata,
792 690 969 770 orientem,
1001 708 1135 772 eamque
1157 709 1277 754 nouum
1300 712 1417 758 annmn
1437 684 1652 777 incipientem.
1695 695 1831 766 Constat
1852 704 1938 768 enim
1959 726 2004 772 ex

172 803 381 891 Horepclline
405 803 447 890 (1.
461 806 517 887 3.),
542 801 661 868 laidem
681 801 864 889 significare
886 825 1016 870 aunum.
1060 801 1211 884 Anam,
1232 809 1354 892 inquit,
1376 807 1602 874 demonstrare
1624 812 1788 897 colenter,
1813 821 1901 902 leia,
1924 819 1956 888 d.
1974 841 2004 888 e.

164 922 328 1000 senticosa
348 927 516 1006 pingant,
551 939 616 1006 pao
641 925 741 985 elion
761 925 857 1002 εαξη
880 917 986 986 Deam
1003 926 1160 1006 pingant.
1204 920 1272 988 Eat
1292 932 1399 989 autea
1421 925 1513 1012 apud
1532 943 1588 990 coe
1608 924 1676 991 Iria
1698 930 1805 1014 sidae,
1836 937 1922 1019 qaod
1938 938 2004 1002 Ae-

169 1043 287 1124 gyptio
308 1038 432 1124 paride·
457 1043 584 1104 nomine
607 1033 738 1112 Scidit,
768 1035 897 1100 drocen
921 1057 1000 1101 cero
1022 1037 1211 1121 Astrocpon
1233 1040 1370 1114 dicitur.
1409 1041 1496 1108 Auni
1518 1043 1645 1130 quidem
1666 1045 1856 1134 Aegyptiaci
1877 1053 2005 1120 initium

168 1170 254 1234 erat,
276 1157 400 1226 criente
422 1155 570 1222 canicula
592 1152 779 1241 (Theophil.
795 1133 848 1238 ap.
866 1151 1027 1220 Gaulmin.
1042 1158 1111 1220 vita
1125 1155 1229 1221 Mcais
1243 1155 1270 1220 Ι.
1286 1163 1362 1242 to).
1409 1157 1503 1236 Quod
1518 1183 1582 1226 non
1598 1160 1703 1228 solum
1719 1163 1861 1230 valuisse
1877 1167 2005 1236 videtur

169 1273 211 1338 de
230 1293 320 1340 anuo
339 1272 574 1358 Aegyptiorum
596 1273 829 1351 astronomico,
848 1291 962 1336 verum
984 1274 1081 1336 etiarn
1103 1272 1142 1338 dc
1164 1295 1303 1360 magno,
1326 1299 1384 1342 reu
1407 1277 1446 1342 de
1467 1279 1598 1363 periodo
1614 1279 1764 1366 Sothica,
1785 1286 1945 1369 quinimo
1964 1287 2004 1352 de

168 1391 317 1456 maximo
351 1410 455 1468 anuo,
483 1387 558 1452 inde
581 1409 602 1450 a
629 1389 792 1452 creatione
822 1387 932 1453 muudi
959 1409 1059 1475 vsque
1088 1389 1129 1452 ed
1151 1392 1222 1458 eiua
1248 1393 1413 1460 interitum
1435 1395 1711 1481 (incantamenta)
1733 1398 1878 1466 durante.
1918 1402 2004 1468 Hinc

167 1505 368 1592 Porphyrius
390 1503 500 1584 (Auta.
514 1501 654 1588 Nymph·
669 1526 700 1588 p.
715 1507 789 1568 264.
808 1502 931 1590 Cant),
952 1504 1139 1590 Aegyptiis,
1158 1509 1273 1595 inquit,
1294 1515 1422 1576 initian
1440 1517 1524 1576 anne·
1542 1530 1608 1576 aon
1625 1519 1785 1597 aquarius
1805 1527 1864 1601 eet,
1885 1530 1924 1585 ct
1936 1521 2003 1586 Ro·

166 1629 288 1704 acreio,
315 1620 374 1686 red
395 1639 527 1685 cancer.
570 1620 678 1704 Prope
699 1639 853 1684 concrum
865 1640 945 1686 cero
961 1629 1014 1686 eat
1035 1617 1164 1702 Scidie5
1185 1629 1337 1708 cipriano
1355 1633 1473 1692 aeneis
1486 1627 1557 1692 dice
1577 1633 1657 1713 meir
1676 1637 1727 1694 eet
1742 1627 1879 1698 Sathena
1898 1645 2000 1718 ortae,

166 1745 230 1826 poe·
247 1742 477 1822 generationis
490 1735 603 1802 nonde·
621 1737 715 1802 decit
727 1742 867 1803 reinna.
909 1738 1039 1806 Aeneae
1055 1737 1204 1806 Gaaaeua
1223 1739 1319 1826 (Bibl.
1335 1742 1382 1808 M.
1396 1743 1484 1808 Patr.
1499 1744 1574 1811 Par.
1592 1743 1837 1830 x11.p.mr.):
1858 1749 2004 1836 Prophe·

167 1865 230 1918 tue
254 1853 510 1937 Aegyptiorum,
531 1858 661 1918 ciciliani
688 1873 798 1918 reram
830 1861 967 1920 canton
993 1857 1194 1939 indicaturi,
1222 1879 1345 1924 cancro
1376 1860 1490 1924 mandi
1508 1857 1637 1924 condite·
1656 1869 1781 1946 tempas
1801 1864 2002 1935 adscribant.

167 1967 358 2037 Macrobius
377 1966 502 2048 (Soron.
517 1967 602 2056 Scip.
619 1991 647 2034 c.
665 1969 800 2056 XXLJ:
823 1972 931 2038 Aiunt
946 1972 1117 2059 Aegyptii,
1136 1980 1172 2037 e'n
1192 1973 1255 2038 dcc
1270 1982 1430 2059 genituro
1445 1977 1558 2042 mnndi
1574 2013 1620 2026 -·-
1635 1976 1747 2041 doram
1761 1978 1876 2054 foisse
1896 1983 2008 2048 arande·

166 2089 360 2166 nascentis,
380 2102 503 2182 cancro
525 2093 682 2167 gestante
706 2084 846 2153 Lanam.
887 2089 983 2156 Hunc
1009 2112 1087 2156 vcro
1120 2099 1146 2169 p
1171 2091 1276 2158 locum
1300 2095 1335 2157 iu
1356 2103 1415 2176 95,
1438 2089 1589 2160 nascente
1609 2096 1745 2178 maudo,
1769 2101 2005 2166 accuratissime

166 2199 357 2268 describunt
383 2199 538 2288 annologi
566 2202 738 2283 (Firmicoa
753 2203 793 2269 L.
809 2204 870 2271 111.
886 2212 996 2293 cap.1.
1010 2230 1043 2294 p.
1054 2213 1132 2288 46.)
1176 2209 1326 2284 Scilicet,
1356 2207 1506 2273 Anubide
1536 2223 1632 2292 teste,
1662 2223 1731 2275 tum
1751 2219 1903 2299 temporis
1923 2235 1950 2304 p
1970 2222 2005 2285 in

164 2321 276 2410 gradu
307 2323 347 2384 tt
382 2324 421 2395 ἦ
452 2317 654 2386 versabatur.
698 2317 806 2397 Qatnu
826 2325 927 2409 igitur
954 2323 1189 2412 recolligimus,
1219 2323 1332 2390 Sotbin
1362 2329 1474 2390 vocari
1499 2325 1635 2410 Isidem,
1666 2341 1700 2394 et
1722 2350 1839 2396 aunum
1865 2337 2006 2420 exprimi

166 2439 271 2504 leidis
287 2435 412 2522 figura,
436 2449 469 2500 et
489 2458 608 2504 anunm
631 2460 751 2504 acuum
772 2442 914 2527 incipere
941 2449 967 2513 1>
987 2447 1020 2508 in
1046 2449 1086 2520 ffi
1110 2451 1278 2524 versantc3
1306 2440 1393 2506 hand
1415 2441 1645 2528 improbabile,
1669 2444 1781 2510 Sothin
1803 2451 1899 2512 etiam
1924 2465 1950 2527 p
1972 2455 2007 2516 in

170 2561 215 2634 ffi
227 2601 238 2636 ,
262 2552 315 2618 vel
335 2555 369 2618 iu
392 2553 521 2618 decuria
542 2563 564 2631 2
586 2557 620 2620 in
647 2561 687 2634 ᾖ
715 2571 900 2624 remantem
920 2559 1114 2644 significare.
1156 2557 1232 2622 Huc
1253 2556 1331 2621 facit
1352 2577 1469 2623 nomen
1490 2557 1583 2623 Sotbi
1606 2559 1746 2642 (Σωθι),
1775 2564 1860 2646 quod
1881 2564 2006 2630 Plutar-

164 2673 252 2737 chus
282 2670 340 2750 (Is.
356 2671 447 2756 375.)
469 2669 652 2757 significare
675 2673 752 2738 dicit
774 2675 1000 2759 grauiditatem
1023 2687 1056 2738 et
1077 2688 1170 2737 vtero
1191 2686 1322 2758 gestare
1343 2677 1467 2754 (κυησιν
1484 2667 1554 2750 ἦτα
1570 2671 1678 2752 acere).
1721 2673 1847 2759 Reepse
1866 2677 2004 2772 61.0†‚

163 2793 233 2867 σι.
246 2785 316 2878 arl-
340 2801 390 2855 eat
410 2807 541 2872 capere,
565 2785 619 2852 vel
641 2797 775 2872 gestare
794 2798 900 2854 ciero.
942 2791 995 2855 Sic
1016 2803 1050 2855 et
1070 2792 1166 2854 static
1187 2789 1294 2867 lunae,
1313 2810 1333 2850 a
1355 2782 1450 2850 stella
1469 2785 1605 2871 quadam
1621 2783 1766 2852 canicula
1786 2792 1820 2854 in
1846 2801 1880 2867 m
1908 2793 2004 2881 dicta,

163 2907 358 2997 appellatur
380 2904 440 2978 σι.
450 2900 520 2995 ων)-
542 2906 566 2968 i.
585 2923 613 2968 e.
628 2902 738 2972 Sotbia
752 2904 807 2970 vel
823 2905 978 2972 Canicula
995 2905 1036 2992 (1.
1052 2907 1083 2980 ἱ.
1099 2909 1150 2970 to.
1165 2925 1197 2988 p.
1213 2909 1266 2967 22.
1282 2923 1314 2968 n.
1331 2901 1410 2987 ta).
1453 2901 1541 2966 luter
1562 2901 1706 2987 planetas
1719 2925 1797 2970 vero
1816 2915 1842 2979 D
1863 2916 2005 2982 omnium

162 3049 284 3092 rerum
309 3024 475 3111 generatio
496 3017 697 3086 adscribitur.
741 3020 793 3087 De
818 3025 962 3108 imagine
984 3020 1122 3086 Sathena
1143 3041 1187 3083 ex
1213 3018 1424 3107 Horapclline
1446 3017 1481 3102 (l.
1498 3017 1541 3102 c.)
1567 3019 1600 3082 id
1621 3019 1735 3086 saitem
1756 3038 1900 3112 constat,
1932 3053 2004 3096 earn

161 3143 289 3210 habitu
311 3141 451 3206 feminac
474 3158 665 3222 expromam
687 3137 796 3206 subse.

269 3250 490 3329 Thermuthin,
514 3251 717 3336 Θερμουθις,
744 3258 781 3329 ὦ
809 3253 972 3340 significet
991 3255 1197 3335 femininum,
1220 3274 1364 3318 necnon
1387 3259 1414 3326 D
1435 3255 1469 3318 iu
1490 3255 1516 3328 ὅ
1538 3253 1714 3319 domiciliis.
1755 3255 1883 3327 Scilicet
1901 3259 2005 3332 Ther.

162 3373 302 3442 muthis
322 3369 438 3434 dicitur
460 3383 492 3434 et
513 3369 646 3452 ae'rpcna
667 3371 851 3452 mortifera,
873 3383 907 3434 ct
929 3369 1003 3434 Dea
1024 3343 1185 3436 terribilia.
1229 3369 1430 3455 Epiphaniae
1453 3371 1541 3457 (adu.
1556 3371 1693 3436 Haeres.
1708 3371 1769 3438 111.
1785 3380 1910 3464 1093),
1938 3383 2005 3447 Ae-

162 3493 381 3576 gyptiorum,
402 3488 515 3571 inquit,
540 3485 605 3548 alie·
625 3486 748 3571 porilem
775 3483 1006 3569 Tithrondom',
1030 3507 1125 3576 quant
1146 3485 1300 3551 Hecaten
1319 3492 1598 3572 interpretantur,
1617 3489 1682 3550 clii
1699 3509 1777 3552 cero
1798 3492 1950 3577 Nepdtdy
1971 3509 2006 3562 et

165 3609 240 3674 alc'c'
265 3599 663 3670 firmacrensium.
695 3603 852 3673 Aelianus
871 3604 933 3686 (Χ.
948 3625 979 3671 c.
995 3610 1081 3685 31.):
1104 3605 1238 3692 Arpidt'a
1259 3623 1366 3688 genere
1386 3623 1483 3668 cnam
1510 3601 1714 3668 Thermuthin
1728 3603 1888 3690 Aegyptio·
1905 3619 2005 3676 nomi-

166 3695 273 3787 nant.
321 3715 421 3782 Hanc
444 3737 574 3782 rueram
598 3737 670 3784 erce
691 3727 791 3786 ciant
816 3729 853 3786 et
877 3741 997 3787 ranna
1018 3723 1183 3806 religione
1209 3722 1332 3787 colant.
1374 3721 1464 3786 Idem
1486 3718 1560 3804 (Vl.
1574 3741 1602 3782 c.
1619 3720 1685 3803 38.)
1715 3719 1798 3786 hanc
1822 3739 2004 3810 serpentem

163 3840 251 3906 dicit
272 3840 403 3900 moisio
422 3853 548 3898 cecano
570 3853 652 3917 erre,
674 3842 825 3920 paceium
850 3838 988 3923 empirice
1009 3848 1150 3926 quotane·
1168 3837 1277 3919 loric,
1301 3858 1378 3922 quor
1397 3834 1620 3917 momorderit,
1647 3841 1760 3902 cinere
1781 3859 1846 3904 non
1860 3849 2002 3924 posent.

163 3953 356 4024 Consentit
387 3950 525 4016 Ouidius
547 3952 671 4038 (Amor.
688 3953 740 4018 El.
756 3955 883 4039 Xlss.),
906 3956 1067 4042 qunm'de
1087 3976 1127 4019 ea
1146 3954 1226 4018 haec
1245 3956 1348 4028 canit3
1375 3952 1540 4038 plenaque
1564 3953 1740 4034 somniferi
1756 3974 1892 4040 serpent
1906 3977 2004 4041 pere·

161 4079 277 4159 grino
310 4075 440 4134 veneni.
485 4067 592 4144 Quum
614 4091 692 4135 raro
714 4093 757 4135 ex
781 4069 832 4136 his
855 4071 934 4136 locis
954 4072 1075 4138 ciarum
1096 4073 1156 4152 sit,
1186 4069 1401 4136 Thermuthin
1424 4091 1494 4134 esse
1516 4068 1621 4136 Deam
1647 4073 1861 4152 mortiferam,
1890 4086 1926 4136 vt
1947 4071 2004 4139 Ti-

164 4187 409 4267 thrambcnen,
430 4183 589 4264 Hecaten,
610 4185 807 4272 Nephthpue
829 4191 973 4275 sequitur
994 4209 1065 4252 eam
1087 4209 1153 4252 non
1171 4190 1232 4252 nisi
1255 4202 1310 4252 aut
1333 4186 1374 4251 ad
1398 4187 1424 4273 i)
1447 4201 1503 4251 aut
1524 4187 1564 4250 ad
1585 4189 1612 4263 ἃ
1633 4187 1746 4251 referri
1766 4185 1892 4254 dehere.
1919 4189 2005 4258 Nam
2098 4169 2101 4174 Ι

170 4307 331 4390 achaei)
354 4317 387 4370 et
407 4307 446 4380 d*
467 4315 543 4367 anat
562 4304 694 4368 numina
715 4305 820 4369 noxia
834 4303 888 4368 voi
908 4305 1074 4370 mortifera
1091 4304 1174 4390 (Li.
1191 4305 1421 4392 46.'1.p.to.).
1463 4304 1537 4368 an
1557 4303 1634 4365 iecit
1654 4322 1770 4368 nomen
1785 4302 2005 4390 Thermuthis,

174 4439 499 4523 spepanoeopss,
529 4437 613 4502 qaae
640 4420 748 4500 efferi
772 4431 915 4487 scorteae.
958 4421 1002 4488 At
1032 4443 1119 4488 more
1146 4425 1314 4508 repentina
1340 4420 1402 4486 soli
1430 4423 1467 4493 θ
1495 4415 1684 4484 adscribitur
1709 4419 1750 4502 (Ι.
1766 4421 1860 4496 §.eit
1874 4446 1907 4508 p.
1924 4427 2005 4510 62.)

172 4539 289 4608 Porro
319 4537 380 4604 soii
403 4543 430 4616 c
456 4549 622 4624 cerpentes
642 4539 826 4604 mortiferae
854 4560 964 4606 sacrae
991 4551 1067 4604 sunt
1094 4538 1135 4626 (i.
1151 4545 1183 4620 fi.
1197 4545 1251 4605 49.
1267 4563 1299 4625 p.
1313 4544 1366 4606 62.
1381 4536 1444 4602 No.
1460 4533 1517 4610 5.).
1561 4531 1686 4600 Deinde
1719 4549 1769 4602 est
1799 4537 1866 4604 Nili
1896 4540 2007 4606 alueus

176 4671 273 4716 nunc
297 4646 565 4734 demoniacae,
587 4673 672 4718 nunc
686 4653 953 4738 praemisissem
975 4645 1306 4761 (bap-cltum,
1329 4658 1386 4737 dili
1404 4649 1512 4729 ‘'ff‘'l
1534 4652 1679 4737 mrim)
1702 4655 1821 4737 difflue
1847 4659 1902 4744 (1¹¹5
1923 4655 2009 4720 hflss‘l

177 4765 305 4857 procul
326 4788 347 4834 a
368 4768 423 4833 Sei
442 4772 639 4855 prouinciam
661 4769 696 4837 ὦ
718 4771 885 4857 percn‘rrit.
929 4775 1077 4860 Denique
1100 4776 1219 4836 mensis
1245 4770 1478 4856 Aegyptiorum
1501 4781 1633 4836 notanus
1655 4773 1745 4836 audit
1765 4767 2011 4875 ῲ-Δρ-Μογθι

179 4884 506 4990 (ψ.ερ.ῃωογτ
524 4888 713 4972 mortifer),
736 4892 790 4975 qni
811 4889 939 4976 quidem
959 4889 1131 4975 respondet
1151 4901 1210 4969 γ,
1233 4886 1325 4951 alteri
1346 4889 1373 4964 ι)
1395 4885 1564 4952 domicilio.
1607 4884 1755 4951 Pluribus
1775 4910 1838 4952 nou
1859 4909 1940 4974 opos
1962 4905 2012 4952 est

176 5007 225 5074 ad
252 5001 513 5090 iatchigcadnm,
533 5005 745 5074 'l'hemnuthiu
767 5020 912 5092 spectare
934 5004 973 5068 ad
997 5005 1041 5082 δ’.
1084 5003 1239 5079 Quamuis
1260 5027 1339 5072 vero
1361 5027 1406 5071 ex
1426 5006 1476 5070 hie
1497 5003 1618 5068 clarum
1638 5005 1691 5082 sit,
1712 5000 1926 5070 Thermuthin
1947 5009 2013 5089 aig·

172 5123 330 5194 nificare
348 5123 485 5206 primum
504 5123 630 5209 quidem
653 5127 680 5201 ὅ
701 5123 863 5210 planetam
882 5121 1088 5203 femininum,
1109 5121 1183 5186 hinc
1204 5126 1230 5200 ὅ
1249 5121 1425 5204 domicilia,
1448 5141 1562 5205 nempe
1575 5132 1614 5189 Υ
1636 5131 1669 5183 et
1689 5127 1744 5194 1ης
1773 5125 1884 5208 negari
1904 5135 2013 5182 tamen

176 5241 325 5330 nequit,
349 5234 564 5304 Thermuthin
586 5242 685 5306 etiam
710 5237 758 5324 2,
775 5243 931 5307 nimirum
952 5260 1089 5320 nouam,
1111 5241 1144 5303 in
1164 5243 1190 5318 ἃ
1212 5241 1331 5328 signis,
1360 5243 1504 5306 maxime
1530 5241 1563 5304 io
1589 5245 1648 5318 m,
1674 5251 1870 5314 versantem,
1894 5230 2011 5300 valere.

814 5343 817 5348 '
1550 5341 1606 5404 82
