4896 6096
1176 465 1541 546 -112—

445 673 607 748 ὁΝειλος.
650 665 747 731 Mitto
770 662 846 728 alia.
890 659 997 725 Osiris
1018 675 1096 722 vero
1117 677 1201 722 nnnc
1222 663 1258 735 Θ
1281 676 1365 721 nnuc
1390 663 1426 734 2t
1448 647 1621 740 significat.
1667 649 1822 716 'l'mditur
1843 667 1922 714 vero
1944 651 2053 731 edam,
2078 648 2190 718 Nilum
2207 673 2293 724 surn-

444 813 531 858 mum
558 805 629 854 esse
649 780 883 866 Aegyptiorum
912 773 1025 855 deum,
1057 794 1102 837 ex
1120 795 1183 859 quo
1205 774 1368 860 sequitur,
1396 768 1507 836 Nilum
1533 791 1604 835 esse
1626 775 1672 846 Θ.
1715 767 1768 834 Sic
1788 767 1929 834 llermes
1955 768 2036 857 (Op.
2059 769 2157 858 Apul.
2177 795 2210 860 p.
2225 775 2293 860 91.)

444 905 555 976 Nilum
577 909 674 966 vocat
697 898 954 974 tractoriarum,
987 903 1020 956 et
1040 889 1232 958 Plutarchus
1252 891 1354 978 (Sym.
1377 887 1472 954 Vlll.
1493 891 1584 966 729.)
1606 883 1818 950 amatores
1839 883 1991 972 Aegypte·
2010 907 2052 950 oc
2074 887 2213 954 Osiridis
2235 891 2293 955 de-

436 1025 582 1108 stacam.
626 1013 785 1079 Pindarus
805 1008 912 1095 (Pyth.
935 1007 997 1074 lv.
1020 1011 1135 1095 piis.
1156 1007 1286 1094 steph.)
1310 1006 1494 1093 Aegyptum
1517 1017 1612 1070 vocat
1633 1004 1788 1090 templum
1810 987 1967 1084 Osiridis,
1988 1005 2056 1090 qni,
2078 1003 2167 1089 Nili,
2188 1009 2295 1094 inquit

445 1137 634 1222 adpingas
655 1126 826 1194 delubrum
850 1123 1015 1190 Saturst’t'.
1060 1123 1117 1190 Dii
1142 1105 1382 1212 Aegyptiorum*
1397 1123 1533 1188 maximi
1555 1120 1624 1188 Nili
1649 1119 1710 1186 filii
1739 1121 1888 1186 dicuntur
1916 1119 2015 1192 (lahl.
2038 1121 2155 1188 Panth.
2177 1123 2216 1188 L.
2233 1124 2293 1190 tv.

444 1251 576 1344 pitis).
618 1245 816 1314 Heliodorus
840 1243 917 1330 (lx.
938 1247 1084 1329 pesa),
1110 1239 1233 1319 Decet,
1258 1243 1381 1329 inquit,
1404 1237 1628 1323 ettefinguat
1646 1236 1759 1302 rvttss
1782 1236 1958 1322 Aegyptii,
1981 1246 2017 1302 et
2036 1257 2083 1304 ea·
2100 1237 2294 1306 Nantuates

445 1374 622 1434 maximum
650 1363 787 1428 deceat.
840 1360 910 1426 lam
939 1381 1018 1426 vero
1041 1359 1186 1446 Aegypti
1205 1357 1359 1423 Seruator
1381 1355 1462 1422 nlius
1490 1357 1607 1420 dicitnr
1628 1361 1665 1435 Θ
1686 1356 1730 1439 (ι.
1743 1353 1934 1440 Csmepbis,
1965 1351 2166 1442 Chnnphis),
2198 1371 2294 1444 atque

447 1483 581 1551 deorum
601 1482 793 1568 progenitor
818 1491 857 1542 et
872 1480 1035 1542 maximus
1062 1477 1141 1541 deus
1162 1476 1248 1541 idem
1273 1481 1307 1555 Θ
1330 1488 1389 1540 est.
1432 1474 1520 1560 Ergo
1543 1464 1638 1538 Nilus
1659 1472 1699 1536 ad
1720 1469 1756 1541 Θ
1777 1469 1977 1536 referendus.
2020 1470 2112 1548 Quae
2132 1478 2294 1542 sententia

448 1599 559 1668 multis
581 1597 652 1664 aliis
674 1596 872 1684 argumentis
896 1593 1116 1660 confirmatur.
1160 1591 1275 1658 Tradit
1296 1591 1482 1656 llerodotnr
1500 1589 1557 1676 (ΙΙ.
1578 1591 1673 1672 42),
1695 1589 1803 1654 Solent
1825 1603 1859 1654 et
1878 1589 2007 1654 Lunam
2028 1611 2086 1676 per
2106 1603 2205 1656 totam
2227 1593 2294 1658 Ae·

447 1732 581 1806 gyptum
606 1713 678 1780 coli.
730 1713 801 1778 lam
831 1732 909 1776 vero
931 1733 991 1798 per
1021 1723 1121 1776 totam
1144 1709 1330 1796 Aegyptum
1360 1710 1566 1794 reperiuntur
1596 1705 1716 1792 templa
1737 1721 1771 1772 et
1797 1705 1981 1772 sacerdotes
2000 1705 2088 1786 Nili,
2116 1711 2234 1796 quippe
2254 1714 2292 1784 (Ξ.

449 1831 617 1920 (Herodot.
642 1829 686 1896 ll.
710 1832 789 1914 aa).
833 1827 936 1893 quta
957 1831 1117 1916 imagines
1137 1827 1205 1894 Nili
1227 1825 1434 1914 fingebantur
1454 1823 1605 1889 crocodili
1622 1825 1718 1910 capti.
1762 1823 1952 1888 Crocodilus
1970 1844 2067 1906 vero,
2089 1829 2209 1912 quippe
2229 1824 2295 1910 Ty·

448 1949 548 2039 phoni
571 1945 641 2036 (h)
668 1965 778 2027 sacer,
813 1947 961 2010 inimicus
984 1945 1069 2010 Solis
1098 1944 1284 2032 putabatur.
1331 1941 1520 2029 Cognomen
1541 1940 1609 2008 Nili
1630 1955 1680 2007 est
1705 1941 1794 2016 deror
1816 1939 1965 2028 (Diodor.
1987 1941 2013 2006 l.
2033 1963 2067 2027 p.
2084 1949 2137 2010 22.
2161 1940 2295 2022 Wess.).

450 2065 570 2154 Aquila
591 2087 669 2130 vero
693 2065 728 2137 Θ
748 2061 940 2147 symbolum.
984 2061 1100 2128 Tradit
1120 2060 1301 2148 Horapcllo
1324 2061 1360 2147 (Ι.
1372 2063 1448 2144 21.),
1471 2059 1538 2127 Nili
1558 2059 1800 2124 inundationem
1819 2061 1960 2145 exprimi
1981 2058 2093 2143 leone,
2122 2059 2207 2148 qnod
2229 2061 2294 2123 ani·

452 2183 517 2249 mal
540 2180 577 2252 Θ
598 2199 733 2246 sacrum.
776 2175 949 2260 Ceterum,
979 2199 1076 2266 quum
1099 2179 1216 2244 festum
1239 2177 1309 2244 Nili
1331 2179 1514 2243 institutum
1536 2178 1635 2242 luerit
1656 2189 1801 2263 tempore
1822 2175 1953 2244 solstitii
1976 2177 2104 2246 hiberni
2126 2189 2160 2242 et
2181 2177 2295 2242 amtini

454 2296 707 2386 (HeliodorJX.
727 2295 866 2382 pm),
895 2317 1057 2383 quumque
1079 2293 1148 2362 Nili
1170 2295 1291 2382 templa
1311 2295 1432 2360 luerint
1452 2297 1485 2360 in
1506 2293 1626 2360 linibus
1647 2293 1838 2358 semicirculi
1859 2292 1992 2375 lunaris,
2015 2316 2131 2382 nempe
2152 2293 2296 2381 Nilopoli

456 2433 569 2481 versus
589 2407 755 2481 meridiem
785 2433 804 2476 a
828 2409 974 2502 Memphi
998 2428 1095 2502 atquc
1125 2415 1159 2478 in
1182 2409 1403 2478 Catarrhactis
1430 2433 1527 2500 snpra
1549 2410 1786 2498 Elephantinen
1816 2411 1996 2497 (Heliodor.
2013 2414 2057 2480 ΙΙ.
2075 2411 2178 2497 110.);
2206 2424 2296 2497 puto,

453 2527 563 2600 Nilum
587 2551 683 2597 sensu
707 2531 857 2595 strictiori
877 2529 1061 2617 significare
1080 2531 1115 2601 Θ
1137 2533 1170 2596 in
1192 2528 1390 2595 semicirculo
1412 2527 1519 2594 lunari
1539 2533 1690 2614 (ee,)(—
1705 2531 1761 2614 Q)
1785 2540 1881 2614 atque
1903 2529 2044 2596 solstitio
2070 2529 2206 2596 hiberno
2226 2549 2297 2594 ver·

452 2662 586 2716 santam.
616 2648 741 2713 Crescit
762 2651 847 2712 enim
864 2647 959 2714 Nilus
974 2652 1124 2736 primurn,
1146 2669 1243 2733 quarn
1263 2647 1299 2718 Θ
1319 2647 1472 2734 relinquit
1491 2653 1541 2728 z,
1558 2659 1656 2733 atque
1672 2645 1799 2724 desinlt‚
1818 2643 1854 2715 Θ
1866 2643 1950 2734 inl}
1969 2648 2184 2736 ingrediente.
2206 2646 2299 2710 Haec

452 2787 530 2834 vero
546 2765 619 2832 loce
635 2763 787 2831 coelestis
801 2763 997 2851 respondent
1013 2765 1105 2847 locis,
1128 2761 1243 2851 quibus
1258 2763 1325 2831 Nili
1339 2765 1458 2852 templa
1472 2761 1675 2828 habebantur
1690 2767 1873 2852 praecipua.
1896 2764 2007 2830 Etiam
2020 2789 2168 2852 φρουρωι
2184 2763 2299 2827 dicitur

454 2883 560 2959 Nilus,
584 2879 669 2969 quod
691 2879 884 2946 vocabulum
906 2881 1068 2970 significat
1087 2895 1277 2964 cessantem,
1306 2883 1456 2948 nimirum
1476 2879 1543 2946 Nili
1563 2882 1822 2966 inundationem,
1844 2883 1884 2948 de
1905 2903 1969 2969 qno
1989 2883 2085 2948 infra.
2127 2881 2213 2945 lline
2234 2893 2302 2944 tres
2376 2955 2380 2963 Ι

454 2995 590 3084 hydriae
611 2992 680 3061 Nili
702 2995 881 3082 symbolum
911 2997 1035 3078 (llorns
1057 2997 1175 3084 Apollo
1195 2999 1221 3064 l.
1242 3004 1310 3082 21).
1353 2997 1527 3064 Praeterea
1545 2997 1640 3064 Nilne
1663 2997 1725 3064 ulio
1754 3003 1852 3066 etiarn
1877 3019 1974 3065 sensu
1998 2999 2169 3083 accipitur,
2198 3015 2302 3081 quum

461 3127 595 3181 vocatur
617 3108 780 3196 ὥκιαμης,
804 3113 969 3197 αἰγυπιος,
999 3127 1091 3200 pater
1113 3115 1244 3180 deornm
1266 3119 1436 3182 minorum.
1480 3113 1542 3182 llis
1567 3117 1652 3180 enim
1672 3113 1948 3182 mundationibus
1967 3116 2159 3202 exprimitur
2177 3111 2303 3178 Zoclia-

459 3254 527 3297 ons.
569 3223 699 3294 Scilicet
729 3249 907 3316 cognomen
937 3227 1079 3314 ὠκεαμης
1107 3230 1220 3320 (Diod.
1245 3231 1273 3300 Ι.
1295 3237 1410 3320 pst),
1443 3233 1491 3298 vti
1513 3245 1656 3318 constat,
1679 3229 1841 3322 significat
1859 3233 2085 3335 (op-mss)
2108 3229 2301 3316 Aegyptam

459 3347 579 3434 pariter
599 3357 695 3430 atque
717 3346 876 3428 αῖγιιιιιος.
926 3343 1084 3411 Nouimus
1108 3361 1234 3430 sutem,
1259 3349 1444 3436 Aegyptum
1469 3353 1573 3416 instar
1594 3351 1727 3418 Zodisoi
1747 3353 1781 3417 iu
1806 3357 1845 3416 12
1872 3351 2067 3438 prouincias,
2087 3352 2130 3412 36
2152 3347 2303 3412 decurias

461 3465 604 3551 aliasque
632 3473 742 3548 partes
774 3457 911 3524 diuisam
939 3461 1050 3528 luisse.
1098 3461 1184 3530 Hinc
1213 3464 1325 3532 fabula
1351 3466 1391 3531 de
1413 3473 1542 3552 origiue
1570 3465 1716 3532 Deorum
1740 3469 1834 3555 opud
1856 3467 1970 3534 Nileus
1992 3466 2164 3554 Aegyptiis
2185 3467 2302 3552 vulga·

460 3583 612 3648 tissima.
637 3575 721 3644 Nem
744 3581 785 3640 12
808 3575 873 3655 dil,
894 3597 952 3642 seu
975 3585 1015 3643 12
1035 3581 1200 3666 signorum
1223 3581 1362 3667 domini,
1392 3605 1436 3651 ex
1459 3598 1583 3671 septem
1604 3583 1744 3672 planetis
1763 3587 1940 3674 progeniti,
1961 3587 1995 3650 in
2016 3583 2158 3650 zodiaco
2178 3583 2219 3648 ad
2240 3586 2303 3646 cir·

460 3697 567 3764 culum
591 3693 770 3780 eclipticum
791 3695 859 3758 nati
881 3709 957 3760 snut
979 3695 1037 3780 (ΙΙ.
1060 3699 1089 3776 ς.
1106 3702 1138 3762 2.
1161 3717 1236 3785 pag.
1252 3700 1321 3788 76).
1371 3699 1477 3778 Quam
1501 3699 1543 3767 cb
1567 3723 1697 3767 causam
1718 3701 1899 3790 llatapollo
1930 3701 1972 3788 (Ι.
1990 3701 2060 3787 21.)
2085 3715 2173 3767 reete
2192 3701 2303 3783 tradit,

462 3813 571 3881 Nilum
592 3809 674 3896 fingi
695 3809 776 3875 coeli
799 3813 908 3897 specie
928 3833 1044 3899 aquam
1073 3813 1279 3883 demittentis.
1328 3811 1413 3883 H'mc
1433 3831 1467 3883 et
1492 3817 1604 3885 fabula
1629 3819 1669 3884 de
1690 3817 1839 3885 Minerns
1868 3841 1886 3884 e
1917 3821 2023 3906 capite
2048 3820 2138 3886 loeis
2167 3819 2306 3884 oriuads

462 3935 527 3996 iam
546 3927 641 3994 facile
662 3925 856 4012 explicatur.
885 3927 1013 4022 Scilicet
1033 3927 1182 3994 Minerua
1203 3947 1328 4000 armata
1347 3931 1547 4022 significat&
1565 3937 1764 4002 femininum.
1794 3935 1954 4002 Zodiscrrs
1975 3947 2026 4000 est
2046 3935 2180 4023 Iupiter,
2204 3949 2309 4021 atque

466 4057 563 4134 caput
590 4042 679 4109 louis
700 4063 757 4108 seu
781 4041 912 4109 Zodiaci
933 4058 983 4110 est
1006 4059 1061 4129 γ’,
1090 4051 1207 4135 quippe
1229 4053 1266 4126 ἅ
1293 4051 1417 4117 domus.
1459 4051 1586 4139 lleapse
1609 4067 1648 4126 Υ
1671 4055 1755 4118 inter
1783 4071 1893 4140 partes
1922 4056 2067 4140 corporis
2088 4067 2184 4141 capnt
2203 4053 2314 4120 habet

466 4163 506 4247 (Ι.
529 4163 559 4238 1.
569 4165 622 4226 49.
645 4159 747 4226 Noi.
769 4161 935 4246 pagos),
958 4165 1222 4248 quemadmodum
1246 4171 1414 4255 sequentia
1432 4169 1526 4256 rigna
1546 4184 1717 4257 sequentes
1739 4173 1881 4258 corporis
1899 4185 2010 4258 partes
2031 4171 2151 4236 velem.
2194 4171 2249 4234 Sic
2272 4187 2317 4236 et

465 4276 652 4342 Thebarum
673 4273 752 4339 vrbs
773 4289 870 4362 caput
891 4278 1062 4365 significat.
1105 4281 1259 4364 Thebae,
1285 4282 1409 4367 Θηβαι,
1440 4283 1533 4368 Opis
1555 4305 1575 4350 a
1594 4303 1704 4363 τλπε
1721 4295 1824 4373 captet
1844 4289 2019 4354 descendit.
2061 4287 2187 4372 Reapsc
2209 4283 2318 4354 'Phe-

466 4392 551 4458 bnna
577 4391 743 4477 prouincia
771 4395 943 4482 respondet
964 4411 1026 4479 Υ,
1056 4400 1153 4484 capiti
1172 4398 1314 4466 Zodiaci.
1363 4399 1438 4466 Huc
1458 4402 1538 4468 lacit
1557 4401 1796 4488 Labyrinthus,
1829 4400 2205 4509 M.n.0pp0.is-eo
2228 4401 2318 4491 Sol,

468 4527 532 4570 ree
555 4507 676 4571 muudi.
716 4507 937 4594 Labyrinthus
959 4517 1174 4602 enimimngo
1195 4515 1418 4582 zodiacicam
1440 4521 1481 4582 12
1504 4523 1571 4584 suis
1593 4521 1772 4606 signiam
1795 4521 1858 4588 diis
1887 4536 1966 4588 crat.
2008 4522 2122 4608 ltaque
2143 4519 2323 4591 zodiacus

470 4619 526 4686 Sol
549 4621 736 4687 vocabatur.
779 4625 830 4691 Ad
852 4635 886 4706 Θ
906 4652 984 4696 vero
1008 4645 1041 4697 et
1062 4629 1157 4698 Nilus
1178 4635 1328 4719 pertinet.
1370 4631 1458 4720 Ergo
1473 4633 1568 4702 Nilus
1590 4633 1709 4701 flnains
1730 4639 1828 4702 etiam
1849 4637 2043 4722 Zodiacum,
2065 4637 2171 4704 veluti
2191 4635 2325 4706 Nilum
2444 4649 2445 4682 l

470 4735 640 4803 coelestem
672 4737 843 4823 significat.
893 4744 988 4822 Quod
1020 4748 1158 4836 denique
1185 4751 1344 4835 imagines
1374 4749 1442 4815 Nili
1470 4755 1601 4836 attinet,
1634 4751 1716 4819 haec
1743 4769 1872 4821 veteres
1898 4755 2041 4822 tradunt.
2091 4752 2326 4821 Philostratus

471 4853 573 4937 (loon.
594 4851 621 4917 Ι.
643 4855 753 4934 737),
778 4855 912 4940 „cuhiti,
934 4865 1053 4950 inquit,
1076 4869 1195 4932 circum
1216 4866 1327 4933 Nilum
1345 4867 1460 4934 ludunt
1483 4873 1594 4956 pueri,
1622 4873 1765 4958 corporis
1785 4873 1975 4959 quantitati,
1999 4873 2218 4958 cognomines.
2266 4873 2328 4938 lis
2444 4921 2445 4956 ,

471 4967 566 5036 Nilus
598 4991 802 5057 summopere
835 4971 1022 5046 oblectatur.
1037 4987 1059 5021 ‘⁸
1120 4983 1188 5050 Nili
1223 4999 1362 5049 statuam
1394 4986 1492 5051 ferrei
1529 4987 1645 5054 coloris
1676 4987 1809 5054 Basalta
1841 4990 1962 5054 summu
1996 4985 2151 5051 describit
2181 4987 2330 5056 Plinius

473 5079 704 5170 (LXXXVI.
727 5109 752 5151 c.
766 5091 829 5172 7.),
856 5093 941 5158 circa
962 5117 1058 5181 quarn
1078 5099 1217 5165 sedecim
1235 5099 1330 5166 liberi
1350 5103 1515 5169 ludebant.
1565 5103 1686 5169 Rornae
1714 5125 1793 5168 vero
1817 5119 1929 5172 exstat
1950 5106 1985 5168 in
2006 5101 2123 5170 llluseo
2143 5101 2335 5174 Vaticano
2444 5103 2445 5146 l

473 5199 580 5288 figura
601 5199 668 5266 Nili
690 5203 922 5292 decumbentis,
947 5233 1019 5277 cum
1042 5212 1267 5300 Troglodytis,
1293 5217 1406 5302 cymba
1425 5222 1543 5300 vectis,
1572 5219 1739 5286 crocodilis
1764 5235 1797 5286 et
1819 5221 1966 5290 trochilo.
2005 5219 2110 5286 'Poste
2133 5217 2240 5284 Snida
2267 5229 2338 5307 (v.
2384 5277 2389 5283 .
