4860 6092
937 502 1304 584 -163-

191 698 300 763 colere
322 715 391 759 essa
412 690 601 758 dicebantur
622 687 929 775 (Ae1.xvl1.³5.)‚
953 692 1037 778 quod
1053 698 1089 764 ὦ
1113 704 1162 756 est
1177 692 1354 757 metallum.
1390 695 1503 782 Itaque
1520 701 1633 782 negari
1654 702 1775 785 nequit,
1789 721 1906 788 vespas
1929 715 2024 790 atque

193 833 272 902 apos
296 823 332 890 et
356 807 560 896 sigm'ficare,
592 805 639 880 At,
661 828 739 871 vero
762 819 856 871 caute
884 807 1143 892 distinguendum
1157 801 1217 872 'est
1244 811 1329 872 inter
1356 831 1433 898 apes
1456 825 1551 898 etque
1575 834 1652 899 apes
1674 813 1852 893 masculas,
1880 840 1940 884 uec
1960 841 2025 886 uon
2157 845 2169 860 ¹

192 951 290 1019 apum
319 931 464 1014 reginam
493 923 548 990 vel
575 943 685 1010 regam
715 923 848 1004 (ἐσσηι).
891 923 965 987 Hae
994 927 1080 988 enim
1103 926 1209 1010 epium
1238 927 1362 1011 species
1392 935 1419 1009 ²i
1450 941 1525 992 sunt
1553 951 1674 994 sacrae.
1719 929 1859 996 Disertis
1883 937 1967 1000 enim
1996 951 2028 1001 et

193 1048 291 1116 claris
311 1044 419 1112 verbis
441 1043 632 1110 Ammianus
654 1035 830 1118 (xviam
848 1038 914 1125 11.)
938 1039 1044 1124 tradit,
1067 1061 1176 1126 regare
1201 1061 1265 1137 ppe
1287 1043 1451 1122 denotari,
1469 1051 1618 1130 quonium
1639 1047 1788 1111 aculeum
1812 1069 1877 1112 nen
1897 1048 2028 1118 dudect.

192 1167 278 1233 Zeus
303 1167 399 1250 enim,
422 1163 511 1270 §soc
534 1149 721 1260 (domiuus),
739 1175 851 1241 regem
871 1155 938 1219 κατ’
961 1137 1070 1250 ιξᾎχην
1091 1159 1263 1245 siguificat.
1307 1159 1392 1232 Hinc
1410 1158 1631 1228 Callimachus
1650 1136 1761 1230 Iouem
1782 1169 1898 1261 dccnvc
1920 1168 2030 1254 appel-

193 1287 241 1350 iat
262 1281 397 1368 (fiscus.
412 1277 447 1342 S.
463 1277 524 1342 IV.
540 1297 573 1362 p.
589 1272 692 1358 391.)
735 1272 780 1336 Ει
804 1271 867 1336 buc
890 1285 937 1336 tut
959 1273 1041 1338 aliae
1064 1288 1209 1363 spectant
1232 1273 1374 1341 fabrice.

192 1475 200 1490 ·
286 1397 489 1483 Volpcoscr,
509 1393 718 1474 χηναλωιιηξ,
754 1391 777 1468 ἕ
808 1387 991 1475 significare
1020 1391 1158 1482 videtur.
1200 1391 1273 1456 Hoc
1303 1391 1422 1458 aubnal
1445 1393 1538 1480 (anas
1566 1394 1699 1460 taderna
1729 1393 1859 1482 Lina),
1895 1394 2031 1467 Aeliano

77 1554 82 1560 .
196 1529 279 1582 (ρει,
300 1515 358 1602 (ν
372 1510 462 1596 3ο),
494 1490 602 1570 differt
630 1503 740 1570 indole
770 1502 811 1568 ab
840 1526 972 1584 ansere,
999 1505 1076 1572 licet
1100 1509 1204 1574 forum
1231 1508 1344 1584 simili3
1386 1509 1488 1576 muita
1512 1532 1591 1605 uero
1621 1515 1802 1578 communia
1829 1511 1929 1582 habet
1960 1537 2032 1584 cum

198 1634 453 1719 cuipeprcpter
473 1607 621 1689 callidam
641 1602 881 1707 improbitatem
894 1625 1130 1713 ’(ιιαιριιργιαι).
1176 1625 1300 1713 Vulpes
1323 1640 1432 1692 autem
1464 1631 1487 1710 ἕ
1519 1603 1696 1713 symbolum
1719 1645 1814 1716 atque
1835 1631 1952 1698 callida
1971 1637 2032 1700 im-

196 1749 346 1837 probitas
372 1752 395 1831 3}
421 1729 553 1828 propiis
576 1737 617 1824 (Ι.
633 1742 663 1817 ὅ.
680 1741 731 1802 ta.
746 1760 778 1824 p.
793 1737 875 1824 65.)
919 1737 1047 1804 Deinde
1067 1740 1221 1808 Aelianus
1240 1743 1301 1831 (X.
1319 1745 1389 1825 16.)
1403 1744 1628 1833 vulpanserem
1651 1749 1812 1834 componit
1833 1769 1903 1812 cum
1924 1770 2033 1836 vpupa

195 1882 230 1932 et
251 1863 385 1956 ciconia,
402 1866 426 1942 ξ
445 1860 557 1939 sacris,
580 1859 712 1942 eiusque
725 1857 879 1941 pietatem
900 1855 935 1957 iu
954 1853 1040 1922 filios
1053 1856 1176 1942 laudat,
1194 1883 1277 1946 quae
1290 1861 1401 1924 eadem
1425 1863 1448 1942 {i
1472 1865 1603 1948 propria
1624 1863 1740 1927 dicitur
1754 1863 1795 1950 (Ι.
1808 1869 1838 1944 d.
1847 1869 1899 1929 52.
1912 1889 1945 1952 p.
1953 1870 2031 1948 65.)

195 1985 299 2050 Porro
323 1975 502 2062 Horapeiic
525 1973 565 2059 (Ι.
579 1977 649 2064 bd.)
671 1972 786 2054 tradit,
820 1969 1046 2056 vulpauserem
1062 1973 1176 2042 fidium
1199 1975 1392 2063 significare.
1436 1975 1638 2053 Queinnuit
1663 1977 1868 2071 hauddubie
1894 1983 2031 2066 Herum,

197 2097 337 2165 Osiridis
359 2106 392 2158 et
412 2091 507 2176 Isidis
526 2087 648 2171 filium,
683 2091 707 2170 ξ
736 2088 920 2175 planetam,
944 2104 977 2154 et
1001 2095 1057 2174 Θ,
1076 2107 1113 2157 et
1141 2099 1167 2162 h
1193 2093 1400 2161 simillimum.
1444 2093 1518 2160 Huc
1540 2098 1635 2160 etiam
1649 2107 1800 2182 spectat,
1835 2097 1919 2182 quod
1941 2121 2033 2164 anser

197 2215 290 2300 (χηι)
305 2213 425 2298 passim
448 2207 528 2274 Isidi
556 2205 652 2272 valde
682 2225 759 2270 cara
783 2205 919 2271 dicitur.'
953 2207 1027 2274 Hoc
1049 2212 1134 2275 enim
1163 2235 1227 2277 nou
1249 2212 1386 2299 quadrat
1409 2213 1442 2275 iu
1471 2235 1616 2279 anserem
1637 2212 1824 2298 vulgarem,
1857 2215 1881 2298 f)
1909 2235 2033 2280 sacram

180 2341 233 2395 ‘et
255 2335 291 2408 Θ
314 2330 401 2394 eoo
426 2317 605 2412 infensum,
631 2324 686 2388 sed
709 2325 741 2388 iu
765 2323 852 2389 aliud
874 2345 1022 2390 anserum
1044 2349 1145 2414 genus
1167 2328 1255 2417 (Ael.
1271 2328 1314 2394 V.
1330 2333 1415 2415 30.),
1439 2333 1586 2395 nimirum
1608 2329 1853 2415 vulpanserem,
1881 2335 1935 2417 qui
1956 2354 2032 2397 sana

200 2467 272 2512 cum
295 2465 410 2510 ansere
434 2443 587 2514 confundi
606 2453 745 2528 poterat.
788 2439 926 2508 Constat
946 2455 1052 2508 autem
1076 2447 1117 2510 de
1139 2469 1249 2512 amore
1276 2446 1372 2512 Isidis
1393 2451 1425 2512 in
1449 2446 1552 2512 filium
1572 2446 1716 2527 Herum,
1741 2461 1808 2510 tum
1828 2454 1863 2523 Θ
1886 2469 2031 2531 vernum,
2114 2477 2116 2482 ·

201 2579 271 2629 tum
298 2565 339 2643 d.
381 2559 534 2626 Ceterum
560 2581 605 2628 ex
635 2539 706 2624 loco
729 2557 887 2624 Herodoti
910 2559 1069 2648 (11.73.):
1107 2537 1304 2652 ,Aegyptiis
1328 2586 1420 2631 sacra
1450 2577 1525 2628 sunt
1548 2564 1646 2626 etiam
1668 2561 1847 2646 lapidatus,
1878 2563 2058 2647 anguilla,

196 2681 293 2766 quse,
315 2689 352 2742 ιι
371 2677 473 2758 aiunt,
491 2675 568 2744 Nilo
591 2691 830 2759 consecrantur,
851 2691 947 2764 atqua
968 2681 1053 2744 iuter
1072 2699 1150 2744 aues
1163 2681 1388 2766 vulpanser:“
1407 2681 1469 2744 hcc
1490 2691 1614 2744 tantum
1635 2679 1787 2760 sequitur,
1807 2673 2030 2759 vulpanrsrem

199 2815 323 2862 sacrum
338 2795 476 2880 cogitari
492 2807 642 2879 respectu
660 2795 700 2858 ad
716 2790 827 2859 Nilum
842 2795 915 2876 (Θ),
930 2762 1015 2881 qubd
1027 2817 1107 2860 saue
1124 2797 1210 2860 cadit
1220 2800 1254 2860 in
1277 2803 1300 2879 ι)
1324 2787 1697 2879 animalia,·quippe‘fiiii
1711 2799 1745 2866 Θ
1762 2789 1879 2854 dilecti.
1909 2788 2032 2876 Negoti

172 2914 305 2978 ‘tamen
321 2912 444 2996 nequit,
464 2908 632 2996 probabile
649 2931 730 2990 essa,
750 2907 976 2993 vulpauserem
998 2930 1227 2996 nonuunquam
1242 2921 1274 2974 et
1294 2914 1321 2977 1>
1341 2908 1538 2997 siguificare,
1554 2929 1651 2995 quum
1672 2913 1746 2976 het
1771 2887 1804 2988 ζ’
1816 2904 1911 2969 simul
1930 2908 2031 2974 multu

199 3032 264 3100 aiis
281 3028 431 3098 animalia
451 3026 512 3091 sibi
527 3047 619 3114 sucre
639 3023 793 3105 habeant,
809 3035 909 3111 atque
930 3045 1025 3088 anser
1045 3025 1247 3112 (vulpauser)
1266 3025 1345 3091 Isidi
1369 3048 1459 3092 sacer
1478 3027 1601 3090 dicatur
1620 3015 1720 3108 (Jabf.
1734 3019 1848 3087 Panth.
1859 3019 1920 3086 111.
1928 3043 1960 3109 p‘.
1972 3029 2030 3108 3.).

289 3145 417 3226 Vultur,
431 3159 517 3228 ped,
541 3161 679 3244 ΝΟΘΕΡ
701 3141 906 3238 (ελῳιτᾌ),
929 3139 1118 3228 pierumque
1134 3143 1178 3225 d,
1201 3163 1430 3231 nonnunquam
1451 3139 1663 3232 gsiguificat.
1706 3139 1778 3204 Hoc
1800 3141 1909 3202 auium
1931 3161 2032 3225 genus
2089 3125 2093 3130 ⁵

197 3264 325 3350 (vultur
344 3260 500 3327 barbatus
523 3258 614 3341 Lin.)
637 3245 877 3343 rapacissimum
898 3272 930 3323 et
951 3259 1171 3343 fortissimum,
1191 3263 1225 3324 iu
1248 3255 1422 3346 Aethiopia
1443 3262 1589 3324 maxime
1609 3259 1771 3344 frequent,
1796 3277 1873 3320 sane
1894 3278 1953 3342 per
1975 3281 2034 3324 na-

200 3393 307 3448 turam
338 3390 431 3443 suam
452 3377 581 3462 utrique
600 3373 752 3460 planetae
772 3377 931 3440 conuenit.
972 3375 1153 3462 Herapcllc
1172 3378 1215 3463 (1.
1233 3380 1299 3465 12.)
1321 3377 1436 3458 tradit,
1465 3373 1627 3443 vulturem
1648 3373 1832 3461 significare
1853 3373 2032 3442 Mineruam

198 3488 769 3582 (ffl)et1uucuem(h)‚qucnism
792 3494 876 3579 apud
902 3493 1080 3581 Aegyptios
1103 3493 1253 3560 Minerua
1276 3497 1422 3582 superius
1445 3493 1527 3558 coeli
1550 3492 1829 3579 hemisphaerium,
1851 3489 1932 3555 Iuno
1953 3515 2032 3558 varo

199 3613 335 3678 inferius
356 3611 573 3695 occupauerit.
614 3606 705 3673 Idem
728 3607 769 3693 (Ι.
786 3613 849 3690 13.)
871 3613 927 3693 ait,
941 3609 1123 3677 Vulcanum
1146 3611 1264 3696 (diist
1277 3598 1461 3677 Mineruam
1477 3609 1544 3698 (ὦ)
1563 3609 1692 3674 vrrlture
1714 3606 1864 3690 exprimi.
1907 3605 2034 3674 Deinde

201 3730 377 3804 monitum,
405 3729 586 3812 accipitrem
613 3747 711 3812 saepe
742 3747 814 3790 cum
844 3726 975 3794 vulture
1002 3729 1169 3813 coufuudi,
1199 3743 1235 3796 vt
1263 3729 1352 3794 lucus
1375 3727 1543 3794 Strabonis
1572 3729 1664 3824 dccet
1684 3727 1729 3808 (v.
1745 3723 1895 3806 accipiter
1910 3733 2032 3809 supra).

204 3843 291 3910 Hinc
306 3841 464 3910 Aelianus
487 3842 583 3931 (xit.
596 3845 645 3928 1.)
666 3843 784 3908 diserta
808 3846 990 3936 accipitrem
1012 3843 1204 3934 ossifragam
1225 3860 1258 3912 et
1279 3847 1414 3932 harpam
1435 3852 1552 3932 (th
1576 3865 1628 3908 sor
1648 3838 1761 3925 ἅρπην)
1782 3837 1951 3904 Mineruae
1971 3843 2034 3924 (θ’)

203 3961 367 4029 adscribit.
416 3961 502 4034 Hinc
535 3959 714 4048 Hurapcllo
744 3961 786 4046 (1.
810 3960 856 4045 8.)
888 3962 1005 4046 uadit,
1046 3967 1228 4051 accipitrem
1258 3959 1479 4051 (ossifragam)
1501 3955 1654 4026 ΜιιιιιιιιΙ
1670 3959 1783 4043 (itote)
1811 3969 1845 4021 et
1871 3955 2033 4022 Venerem

202 4079 392 4163 (Vraniam)
415 4077 578 4143 denotare.
621 4077 707 4142 ilinc
736 4076 847 4143 ruitur
867 4093 992 4165 partera
1021 4083 1120 4149 babet
1140 4087 1174 4148 iu
1195 4085 1314 4170 pugnis
1335 4095 1368 4145 et
1388 4077 1502 4161 bellis,
1532 4097 1614 4164 quae
1637 4078 1672 4145 cd
1695 4087 1770 4140 sunt
1797 4075 1929 4160 propria
1949 4071 2034 4159 (Hc-

201 4197 399 4284 rap.l.1t.).
430 4194 598 4282 Significat
612 4207 720 4261 autem
737 4194 847 4262 vultur
867 4211 900 4262 et
916 4194 951 4267 b.
996 4197 1095 4267 Teste
1107 4198 1318 4287 iderapciliue
1334 4197 1391 4282 (ΙΙ.
1406 4201 1486 4280 aa),
1503 4196 1610 4284 aquila
1629 4206 1735 4258 rostro
1751 4189 1872 4254 adunco
1887 4187 2034 4276 (vultur),

202 4318 259 4401 qui
279 4335 374 4396 sane,
405 4311 627 4378 deficientibus
648 4315 764 4399 pennis
790 4316 833 4380 iu'
852 4318 975 4400 capite,
1005 4320 1092 4383 senis
1118 4322 1257 4405 speciem
1281 4339 1359 4404 prae
1387 4338 1423 4380 se
1447 4316 1527 4390 fert,
1560 4332 1668 4377 renem
1690 4305 1859 4398 significat.
1902 4304 2034 4370 Senium

204 4451 284 4494 vero
310 4431 335 4512 1)
364 4433 529 4518 proprium
550 4427 591 4513 (ῐ.
606 4433 636 4508 ς.
646 4437 698 4496 tt.
713 4453 747 4518 p.
756 4433 831 4516 59.)
874 4432 960 4498 Hinc
975 4433 1129 4500 Aelianus
1151 4435 1211 4518 (X.
1223 4440 1293 4516 22.)
1315 4433 1474 4500 vulturem
1494 4430 1608 4493 Iunoni
1629 4429 1682 4512 tit)
1707 4441 1739 4492 et
1758 4425 1837 4492 Isidi
1857 4429 1901 4506 (h
1927 4426 1961 4488 iu
1981 4427 2035 4503 56)

203 4563 333 4612 mrum
351 4550 436 4612 dicit.
478 4547 586 4613 Decet
610 4547 768 4614 Eusebius
793 4550 843 4633 (P.
856 4551 895 4616 E.
911 4550 971 4616 111.
989 4550 1067 4637 12),
1090 4550 1250 4621 vulturem
1273 4553 1426 4616 denotare
1444 4549 1581 4624 Lunam,
1608 4546 1674 4608 vim
1696 4543 1848 4631 gignendi
1870 4540 2037 4625 ciendique

206 4643 533 4740 remos-habeatem
563 4666 649 4752 quod
671 4678 795 4750 spectat
816 4668 855 4732 ad
881 4667 999 4734 Isidem
1025 4689 1083 4734 seu
1104 4669 1231 4736 Lunam
1260 4689 1378 4733 uenam
1402 4669 1435 4730 in
1464 4670 1513 4744 z.
1556 4661 1641 4726 Hinc
1662 4660 1839 4748 Hcrnpolle
1860 4656 2035 4734 fabulatur,

206 4781 369 4846 ruituram
388 4779 455 4846 Seli
475 4795 602 4869 tergum
625 4783 795 4848 aduertere
817 4783 960 4866 (Ι.11.),
989 4807 1053 4870 quo
1075 4785 1238 4871 significat
1258 4785 1477 4861 inimicitiam,
1501 4799 1584 4866 quac
1607 4779 1769 4844 Osiridem
1792 4792 1825 4842 et
1846 4772 2042 4859 Typhonem.

207 4901 263 4984 (Θ
286 4911 318 4961 et
341 4897 387 4980 b)
410 4873 598 4966 intercedat.
641 4899 726 4964 Hinc
746 4897 989 4976 idem‘ibider'n,
1010 4901 1166 4966 Vraniam
1188 4899 1253 4992 (h)
1276 4898 1404 4964 ruituro
1429 4899 1581 4984 exprimi,
1605 4901 1659 4960 ait.
1706 4895 1819 4980 Neque
1841 4890 1976 4957 obscure
2004 4889 2028 4970 1)

203 5016 313 5082 innuis
331 5035 380 5096 ee,
402 5017 487 5102 quod
509 5031 636 5100 narrat,
658 5016 817 5082 vulturem
845 5029 968 5102 septem
992 5029 1067 5080 ante
1089 5035 1215 5101 pugnas
1238 5013 1349 5081 diebus
1371 5015 1477 5082 locum
1500 5035 1628 5102 pugnae
1647 5012 1899 5076 funestissimum
1919 5002 2038 5091 praefi-

202 5136 276 5200 nire
305 5145 340 5196 et
363 5133 622 5200 circumscribere
651 5135 692 5217 (1.
707 5140 803 5219 ttp.
821 5139 920 5220 18.)
943 5132 1104 5202 Numerus
1127 5136 1212 5200 eninr
1242 5137 1444 5220 septenarius
1473 5134 1610 5220 septime
1635 5127 1802 5216 planetae,
1822 5127 1970 5191 nimirum
1995 5119 2036 5202 f),

206 5271 298 5316 sacer
321 5263 403 5332 crat,
426 5264 464 5316 vt
481 5251 621 5318 vidimus
639 5253 715 5333 (art.
738 5250 900 5335 Pactu).
1553 5348 1591 5414 x

1605 5355 1624 5411 2
