<?xml version="1.0" encoding="UTF-8"?>
<!DOCTYPE html PUBLIC "-//W3C//DTD XHTML 1.0 Transitional//EN"
    "http://www.w3.org/TR/xhtml1/DTD/xhtml1-transitional.dtd">
<html xmlns="http://www.w3.org/1999/xhtml" xml:lang="en" lang="en">
 <head>
  <title>
</title>
<meta http-equiv="Content-Type" content="text/html;charset=utf-8" />
  <meta name='ocr-system' content='tesseract 3.04.00' />
  <meta name='ocr-capabilities' content='ocr_page ocr_carea ocr_par ocr_line ocrx_word'/>
</head>
<body>
  <div class='ocr_page' id='page_1' title='image "./systemaastronom00seyfgoog_0213.png"; bbox 0 0 4904 6100; ppageno 0'>
   <div class='ocr_carea' id='block_1_1' title="bbox 1171 512 1536 596">
    <p class='ocr_par' dir='ltr' id='par_1_1' title="bbox 1171 512 1536 596">
     <span class='ocr_line' id='line_1_1' title="bbox 1171 512 1536 596; baseline -0.011 0"><span class='ocrx_word' id='word_1_1' title='bbox 1171 512 1536 596; x_wconf 79' lang='lat'>-156-</span> 
     </span>
    </p>
   </div>
   <div class='ocr_carea' id='block_1_2' title="bbox 413 682 2322 5372">
    <p class='ocr_par' dir='ltr' id='par_1_2' title="bbox 434 682 2277 1620">
     <span class='ocr_line' id='line_1_2' title="bbox 435 682 2267 796; baseline -0.011 -12"><span class='ocrx_word' id='word_1_2' title='bbox 435 739 499 784; x_wconf 86' lang='lat' dir='ltr'><strong>nou</strong></span> <span class='ocrx_word' id='word_1_3' title='bbox 521 682 652 782; x_wconf 81' lang='lat' dir='ltr'><strong>dubium</strong></span> <span class='ocrx_word' id='word_1_4' title='bbox 674 726 741 794; x_wconf 90' lang='lat' dir='ltr'><strong>est,</strong></span> <span class='ocrx_word' id='word_1_5' title='bbox 771 711 847 796; x_wconf 88' lang='lat' dir='ltr'><strong>quin</strong></span> <span class='ocrx_word' id='word_1_6' title='bbox 869 705 1024 794; x_wconf 80' lang='lat' dir='ltr'><strong>Aegyptii</strong></span> <span class='ocrx_word' id='word_1_7' title='bbox 1043 703 1128 770; x_wconf 89' lang='lat' dir='ltr'><strong>bano</strong></span> <span class='ocrx_word' id='word_1_8' title='bbox 1152 703 1397 791; x_wconf 77' lang='lat' dir='ltr'><strong>ambiguitatem</strong></span> <span class='ocrx_word' id='word_1_9' title='bbox 1423 704 1519 768; x_wconf 83' lang='lat' dir='ltr'><strong>certis</strong></span> <span class='ocrx_word' id='word_1_10' title='bbox 1544 701 1652 768; x_wconf 85' lang='lat' dir='ltr'><strong>modis</strong></span> <span class='ocrx_word' id='word_1_11' title='bbox 1673 699 1873 768; x_wconf 78' lang='lat' dir='ltr'><strong>contuderint.</strong></span> <span class='ocrx_word' id='word_1_12' title='bbox 1915 694 2069 762; x_wconf 83' lang='lat' dir='ltr'><strong>Ceterum</strong></span> <span class='ocrx_word' id='word_1_13' title='bbox 2090 695 2267 766; x_wconf 81' lang='lat' dir='ltr'><strong>obseruan-</strong></span> 
     </span>
     <span class='ocr_line' id='line_1_3' title="bbox 436 813 2270 917; baseline -0.01 -16"><span class='ocrx_word' id='word_1_14' title='bbox 436 836 512 900; x_wconf 89' lang='lat' dir='ltr'><strong>dum</strong></span> <span class='ocrx_word' id='word_1_15' title='bbox 534 846 601 914; x_wconf 85' lang='lat' dir='ltr'><strong>eat,</strong></span> <span class='ocrx_word' id='word_1_16' title='bbox 630 825 791 917; x_wconf 86' lang='lat' dir='ltr'><strong>permulta</strong></span> <span class='ocrx_word' id='word_1_17' title='bbox 813 823 913 888; x_wconf 84' lang='lat' dir='ltr'><strong>luisse</strong></span> <span class='ocrx_word' id='word_1_18' title='bbox 935 823 1124 908; x_wconf 75' lang='lat' dir='ltr'><strong>accipitrum</strong></span> <span class='ocrx_word' id='word_1_19' title='bbox 1143 841 1275 908; x_wconf 75' lang='lat' dir='ltr'><strong>gauere,</strong></span> <span class='ocrx_word' id='word_1_20' title='bbox 1298 835 1394 910; x_wconf 86' lang='lat' dir='ltr'><strong>atque</strong></span> <span class='ocrx_word' id='word_1_21' title='bbox 1419 819 1499 896; x_wconf 69' lang='lat' dir='ltr'><strong>alian</strong></span> <span class='ocrx_word' id='word_1_22' title='bbox 1520 840 1598 885; x_wconf 85' lang='lat' dir='ltr'><strong>auca</strong></span> <span class='ocrx_word' id='word_1_23' title='bbox 1624 839 1760 906; x_wconf 86' lang='lat' dir='ltr'><strong>rapaces</strong></span> <span class='ocrx_word' id='word_1_24' title='bbox 1781 815 1904 883; x_wconf 83' lang='lat' dir='ltr'><strong>similes</strong></span> <span class='ocrx_word' id='word_1_25' title='bbox 1925 835 1996 880; x_wconf 88' lang='lat' dir='ltr'><strong>cum</strong></span> <span class='ocrx_word' id='word_1_26' title='bbox 2018 813 2090 881; x_wconf 90' lang='lat' dir='ltr'><strong>aliis</strong></span> <span class='ocrx_word' id='word_1_27' title='bbox 2110 815 2270 894; x_wconf 71' lang='lat' dir='ltr'><strong>sintilibus</strong></span> 
     </span>
     <span class='ocr_line' id='line_1_4' title="bbox 436 931 2276 1032; baseline -0.009 -15"><span class='ocrx_word' id='word_1_28' title='bbox 436 973 457 1016; x_wconf 92' lang='lat' dir='ltr'><strong>a</strong></span> <span class='ocrx_word' id='word_1_29' title='bbox 477 947 640 1017; x_wconf 80' lang='lat' dir='ltr'><strong>veteribus</strong></span> <span class='ocrx_word' id='word_1_30' title='bbox 660 945 740 1032; x_wconf 84' lang='lat' dir='ltr'><strong>ipsis</strong></span> <span class='ocrx_word' id='word_1_31' title='bbox 762 939 927 1008; x_wconf 84' lang='lat' dir='ltr'><strong>couiuudi.</strong></span> <span class='ocrx_word' id='word_1_32' title='bbox 950 999 955 1010; x_wconf 92' lang='grc'>,</span> <span class='ocrx_word' id='word_1_33' title='bbox 975 938 1110 1004; x_wconf 77' lang='lat' dir='ltr'><em>Genera</em></span> <span class='ocrx_word' id='word_1_34' title='bbox 1131 943 1338 1025; x_wconf 80' lang='lat' dir='ltr'><strong>octt‘pitrant,</strong></span> <span class='ocrx_word' id='word_1_35' title='bbox 1358 941 1463 1026; x_wconf 75' lang='lat' dir='ltr'><strong>inquit</strong></span> <span class='ocrx_word' id='word_1_36' title='bbox 1483 935 1639 1004; x_wconf 69' lang='lat' dir='ltr'><strong>Aelianas</strong></span> <span class='ocrx_word' id='word_1_37' title='bbox 1654 937 1717 1017; x_wconf 88' lang='lat' dir='ltr'><strong>(X.</strong></span> <span class='ocrx_word' id='word_1_38' title='bbox 1731 933 1793 1020; x_wconf 77' lang='grc'><strong>4.),</strong></span> <span class='ocrx_word' id='word_1_39' title='bbox 1808 933 1978 1020; x_wconf 70' lang='lat' dir='ltr'><strong>penetra</strong></span> <span class='ocrx_word' id='word_1_40' title='bbox 1999 939 2088 999; x_wconf 79' lang='lat' dir='ltr'><strong>aaut.</strong></span> <span class='ocrx_word' id='word_1_41' title='bbox 2121 931 2276 1020; x_wconf 78' lang='lat' dir='ltr'><strong>Inprimis</strong></span> 
     </span>
     <span class='ocr_line' id='line_1_5' title="bbox 436 1049 2275 1146; baseline -0.01 -14"><span class='ocrx_word' id='word_1_42' title='bbox 436 1080 543 1133; x_wconf 89' lang='lat' dir='ltr'><strong>autem</strong></span> <span class='ocrx_word' id='word_1_43' title='bbox 562 1062 671 1130; x_wconf 88' lang='lat' dir='ltr'><strong>vultur</strong></span> <span class='ocrx_word' id='word_1_44' title='bbox 693 1061 788 1146; x_wconf 69' lang='grc' dir='ltr'><strong>(γιψ)</strong></span> <span class='ocrx_word' id='word_1_45' title='bbox 812 1077 984 1144; x_wconf 74' lang='lat' dir='ltr'>perperam</span> <span class='ocrx_word' id='word_1_46' title='bbox 1007 1058 1158 1142; x_wconf 85' lang='lat' dir='ltr'><strong>accipiter</strong></span> <span class='ocrx_word' id='word_1_47' title='bbox 1181 1070 1325 1122; x_wconf 84' lang='lat' dir='ltr'><strong>vocator.</strong></span> <span class='ocrx_word' id='word_1_48' title='bbox 1367 1055 1453 1122; x_wconf 82' lang='lat' dir='ltr'><strong>lliuc</strong></span> <span class='ocrx_word' id='word_1_49' title='bbox 1474 1055 1592 1122; x_wconf 86' lang='lat' dir='ltr'><strong>Strabo</strong></span> <span class='ocrx_word' id='word_1_50' title='bbox 1614 1051 1708 1140; x_wconf 91' lang='lat' dir='ltr'><strong>(Vll.</strong></span> <span class='ocrx_word' id='word_1_51' title='bbox 1724 1075 1757 1139; x_wconf 90' lang='lat' dir='ltr'><strong>p.</strong></span> <span class='ocrx_word' id='word_1_52' title='bbox 1767 1055 1874 1134; x_wconf 74' lang='grc'><strong>562),</strong></span> <span class='ocrx_word' id='word_1_53' title='bbox 1903 1051 2034 1133; x_wconf 77' lang='lat' dir='ltr'><strong>alitent,</strong></span> <span class='ocrx_word' id='word_1_54' title='bbox 2057 1051 2179 1136; x_wconf 81' lang='lat' dir='ltr'><strong>inquit,</strong></span> <span class='ocrx_word' id='word_1_55' title='bbox 2207 1049 2275 1114; x_wconf 79' lang='lat' dir='ltr'><strong>Ae·</strong></span> 
     </span>
     <span class='ocr_line' id='line_1_6' title="bbox 434 1154 2273 1266; baseline -0.008 -21"><span class='ocrx_word' id='word_1_56' title='bbox 434 1185 544 1266; x_wconf 75' lang='lat' dir='ltr'><strong>gpptt&#39;t&#39;</strong></span> <span class='ocrx_word' id='word_1_57' title='bbox 565 1181 755 1262; x_wconf 69' lang='lat' dir='ltr'><strong>ccct&#39;ptt&#39;trcat</strong></span> <span class='ocrx_word' id='word_1_58' title='bbox 775 1181 918 1252; x_wconf 76' lang='lat' dir='ltr'><strong>ooccnt5</strong></span> <span class='ocrx_word' id='word_1_59' title='bbox 949 1172 1008 1237; x_wconf 79' lang='lat' dir='ltr'><strong>aed</strong></span> <span class='ocrx_word' id='word_1_60' title='bbox 1031 1174 1118 1239; x_wconf 79' lang='lat' dir='ltr'><strong>ntttt</strong></span> <span class='ocrx_word' id='word_1_61' title='bbox 1136 1173 1216 1240; x_wconf 78' lang='lat' dir='ltr'><strong>utiba·</strong></span> <span class='ocrx_word' id='word_1_62' title='bbox 1235 1191 1340 1262; x_wconf 71' lang='lat' dir='ltr'><strong>nepte</strong></span> <span class='ocrx_word' id='word_1_63' title='bbox 1369 1193 1439 1239; x_wconf 77' lang='lat' dir='ltr'><strong>catat</strong></span> <span class='ocrx_word' id='word_1_64' title='bbox 1466 1176 1591 1238; x_wconf 80' lang='lat' dir='ltr'><strong>ttottrt&#39;t</strong></span> <span class='ocrx_word' id='word_1_65' title='bbox 1612 1189 1716 1256; x_wconf 68' lang='lat' dir='ltr'><strong>aequo</strong></span> <span class='ocrx_word' id='word_1_66' title='bbox 1736 1189 1808 1234; x_wconf 79' lang='lat' dir='ltr'><strong>cunt</strong></span> <span class='ocrx_word' id='word_1_67' title='bbox 1828 1167 2007 1251; x_wconf 61' lang='lat' dir='ltr'><strong>Aegyptiis</strong></span> <span class='ocrx_word' id='word_1_68' title='bbox 2028 1154 2273 1232; x_wconf 67' lang='lat' dir='ltr'><strong>aioit&#39;lebnberc</strong></span> 
     </span>
     <span class='ocr_line' id='line_1_7' title="bbox 435 1279 2277 1379; baseline -0.008 -17"><span class='ocrx_word' id='word_1_69' title='bbox 435 1297 577 1378; x_wconf 76' lang='lat' dir='ltr'><strong>uidetur,</strong></span> <span class='ocrx_word' id='word_1_70' title='bbox 602 1301 717 1379; x_wconf 80' lang='lat' dir='ltr'><strong>olpotc</strong></span> <span class='ocrx_word' id='word_1_71' title='bbox 738 1293 797 1374; x_wconf 78' lang='lat' dir='ltr'><strong>pai</strong></span> <span class='ocrx_word' id='word_1_72' title='bbox 815 1297 851 1352; x_wconf 81' lang='lat' dir='ltr'><strong>ct</strong></span> <span class='ocrx_word' id='word_1_73' title='bbox 870 1289 1096 1373; x_wconf 66' lang='lat' dir='ltr'><strong>magnitudine</strong></span> <span class='ocrx_word' id='word_1_74' title='bbox 1108 1291 1245 1354; x_wconf 71' lang='lat' dir='ltr'><strong>excedit</strong></span> <span class='ocrx_word' id='word_1_75' title='bbox 1263 1297 1298 1351; x_wconf 79' lang='lat' dir='ltr'><strong>ot</strong></span> <span class='ocrx_word' id='word_1_76' title='bbox 1312 1289 1490 1371; x_wconf 71' lang='lat' dir='ltr'><strong>naltthiot&#39;</strong></span> <span class='ocrx_word' id='word_1_77' title='bbox 1507 1294 1675 1352; x_wconf 64' lang='lat' dir='ltr'><strong>variante</strong></span> <span class='ocrx_word' id='word_1_78' title='bbox 1692 1291 1782 1370; x_wconf 77' lang='lat' dir='ltr'><strong>iptot</strong></span> <span class='ocrx_word' id='word_1_79' title='bbox 1798 1284 1898 1368; x_wconf 80' lang='lat' dir='ltr'><strong>lc&#39;ngc</strong></span> <span class='ocrx_word' id='word_1_80' title='bbox 1918 1294 2063 1370; x_wconf 66' lang='lat' dir='ltr'><strong>tapeta.</strong></span> <span class='ocrx_word' id='word_1_81' title='bbox 2083 1340 2088 1352; x_wconf 77' lang='grc'><strong><em>,</em></strong></span> <span class='ocrx_word' id='word_1_82' title='bbox 2107 1279 2277 1348; x_wconf 73' lang='lat' dir='ltr'><strong>Baeton</strong></span> 
     </span>
     <span class='ocr_line' id='line_1_8' title="bbox 437 1399 2272 1492; baseline -0.007 -16"><span class='ocrx_word' id='word_1_83' title='bbox 437 1421 547 1480; x_wconf 72' lang='lat' dir='ltr'><strong>autem</strong></span> <span class='ocrx_word' id='word_1_84' title='bbox 577 1421 614 1476; x_wconf 82' lang='lat' dir='ltr'><strong>et</strong></span> <span class='ocrx_word' id='word_1_85' title='bbox 640 1407 869 1492; x_wconf 66' lang='lat' dir='ltr'><strong>Aethiopicae·</strong></span> <span class='ocrx_word' id='word_1_86' title='bbox 894 1424 968 1471; x_wconf 79' lang='lat' dir='ltr'><strong>etat</strong></span> <span class='ocrx_word' id='word_1_87' title='bbox 991 1414 1028 1470; x_wconf 78' lang='lat' dir='ltr'><strong>et</strong></span> <span class='ocrx_word' id='word_1_88' title='bbox 1044 1405 1125 1470; x_wconf 74' lang='lat' dir='ltr'><strong>inde</strong></span> <span class='ocrx_word' id='word_1_89' title='bbox 1144 1405 1279 1486; x_wconf 77' lang='lat' dir='ltr'><strong>offerri.</strong></span> <span class='ocrx_word' id='word_1_90' title='bbox 1321 1402 1435 1468; x_wconf 84' lang='lat' dir='ltr'><strong>Habes</strong></span> <span class='ocrx_word' id='word_1_91' title='bbox 1458 1403 1568 1489; x_wconf 84' lang='lat' dir='ltr'><strong>itaquo</strong></span> <span class='ocrx_word' id='word_1_92' title='bbox 1589 1399 1752 1466; x_wconf 87' lang='lat' dir='ltr'><strong>vulturem</strong></span> <span class='ocrx_word' id='word_1_93' title='bbox 1773 1400 2029 1484; x_wconf 71' lang='lat' dir='ltr'><strong>(vultuatum.</strong></span> <span class='ocrx_word' id='word_1_94' title='bbox 2043 1399 2272 1468; x_wconf 84' lang='lat' dir='ltr'><strong>Blumenbaub.</strong></span> 
     </span>
     <span class='ocr_line' id='line_1_9' title="bbox 438 1513 1837 1620; baseline -0.009 -25"><span class='ocrx_word' id='word_1_95' title='bbox 438 1527 653 1616; x_wconf 77' lang='lat' dir='ltr'><strong>Naturgescb.</strong></span> <span class='ocrx_word' id='word_1_96' title='bbox 670 1549 703 1613; x_wconf 89' lang='lat' dir='ltr'><strong>p.</strong></span> <span class='ocrx_word' id='word_1_97' title='bbox 714 1528 785 1590; x_wconf 83' lang='lat'><strong>149.</strong></span> <span class='ocrx_word' id='word_1_98' title='bbox 799 1545 831 1589; x_wconf 88' lang='grc' dir='ltr'><strong>ιι.</strong></span> <span class='ocrx_word' id='word_1_99' title='bbox 840 1521 895 1608; x_wconf 81' lang='grc'><strong>3.),</strong></span> <span class='ocrx_word' id='word_1_100' title='bbox 918 1523 957 1588; x_wconf 89' lang='lat' dir='ltr'><strong>de</strong></span> <span class='ocrx_word' id='word_1_101' title='bbox 979 1543 1042 1610; x_wconf 89' lang='lat' dir='ltr'><strong>quo</strong></span> <span class='ocrx_word' id='word_1_102' title='bbox 1065 1525 1184 1610; x_wconf 85' lang='lat' dir='ltr'><strong>qnippe</strong></span> <span class='ocrx_word' id='word_1_103' title='bbox 1205 1523 1232 1600; x_wconf 64' lang='grc' dir='ltr'>ἃ</span> <span class='ocrx_word' id='word_1_104' title='bbox 1254 1519 1342 1605; x_wconf 76' lang='lat' dir='ltr'><strong>et-t)</strong></span> <span class='ocrx_word' id='word_1_105' title='bbox 1371 1513 1519 1620; x_wconf 62' lang='lat' dir='ltr'><strong>Qrpbolo</strong></span> <span class='ocrx_word' id='word_1_106' title='bbox 1539 1519 1631 1586; x_wconf 80' lang='lat' dir='ltr'><strong>infra</strong></span> <span class='ocrx_word' id='word_1_107' title='bbox 1645 1515 1837 1584; x_wconf 79' lang='lat' dir='ltr'><strong>videbimus.</strong></span> 
     </span>
    </p>

    <p class='ocr_par' dir='ltr' id='par_1_3' title="bbox 437 1617 2278 2554">
     <span class='ocr_line' id='line_1_10' title="bbox 527 1617 2273 1733; baseline -0.006 -25"><span class='ocrx_word' id='word_1_108' title='bbox 527 1643 649 1728; x_wconf 78' lang='lat' dir='ltr'><strong>Anter,</strong></span> <span class='ocrx_word' id='word_1_109' title='bbox 669 1667 751 1726; x_wconf 80' lang='grc' dir='ltr'><em>χην,</em></span> <span class='ocrx_word' id='word_1_110' title='bbox 773 1659 1039 1732; x_wconf 71' lang='grc' dir='ltr'><strong>κειιε.οωοο,</strong></span> <span class='ocrx_word' id='word_1_111' title='bbox 1059 1647 1086 1715; x_wconf 70' lang='grc' dir='ltr'><strong>τ)</strong></span> <span class='ocrx_word' id='word_1_112' title='bbox 1109 1637 1301 1724; x_wconf 83' lang='lat' dir='ltr'><strong>symbolum.</strong></span> <span class='ocrx_word' id='word_1_113' title='bbox 1345 1617 1501 1733; x_wconf 50' lang='lat' dir='ltr'><strong>Cnm&#39;t,</strong></span> <span class='ocrx_word' id='word_1_114' title='bbox 1515 1634 1717 1722; x_wconf 73' lang='lat' dir='ltr'><strong>animaliai)</strong></span> <span class='ocrx_word' id='word_1_115' title='bbox 1744 1653 1837 1699; x_wconf 81' lang='lat' dir='ltr'><strong>mora</strong></span> <span class='ocrx_word' id='word_1_116' title='bbox 1857 1636 2031 1721; x_wconf 74' lang='lat' dir='ltr'><strong>quotannis</strong></span> <span class='ocrx_word' id='word_1_117' title='bbox 2051 1633 2150 1700; x_wconf 74' lang='lat' dir='ltr'><strong>imese</strong></span> <span class='ocrx_word' id='word_1_118' title='bbox 2170 1637 2273 1699; x_wconf 86' lang='lat' dir='ltr'><strong>sacri-</strong></span> 
     </span>
     <span class='ocr_line' id='line_1_11' title="bbox 438 1751 2275 1852; baseline -0.005 -26"><span class='ocrx_word' id='word_1_119' title='bbox 438 1761 536 1828; x_wconf 82' lang='lat' dir='ltr'><strong>ficata</strong></span> <span class='ocrx_word' id='word_1_120' title='bbox 556 1765 598 1830; x_wconf 89' lang='lat' dir='ltr'><strong>ad</strong></span> <span class='ocrx_word' id='word_1_121' title='bbox 619 1762 811 1852; x_wconf 85' lang='lat' dir='ltr'><strong>placandum</strong></span> <span class='ocrx_word' id='word_1_122' title='bbox 833 1771 869 1844; x_wconf 78' lang='grc' dir='ltr'>Θ</span> <span class='ocrx_word' id='word_1_123' title='bbox 891 1773 925 1824; x_wconf 84' lang='lat' dir='ltr'><strong>ot</strong></span> <span class='ocrx_word' id='word_1_124' title='bbox 950 1783 992 1849; x_wconf 70' lang='lat' dir='ltr'><strong>p,</strong></span> <span class='ocrx_word' id='word_1_125' title='bbox 1013 1756 1116 1823; x_wconf 81' lang='lat' dir='ltr'><strong>velati</strong></span> <span class='ocrx_word' id='word_1_126' title='bbox 1138 1779 1240 1840; x_wconf 84' lang='lat' dir='ltr'><strong>suom,</strong></span> <span class='ocrx_word' id='word_1_127' title='bbox 1263 1778 1414 1845; x_wconf 75' lang='lat' dir='ltr'><strong>orygem,</strong></span> <span class='ocrx_word' id='word_1_128' title='bbox 1439 1759 1574 1821; x_wconf 81' lang='lat' dir='ltr'><strong>asinum.</strong></span> <span class='ocrx_word' id='word_1_129' title='bbox 1616 1752 1708 1819; x_wconf 84' lang='lat' dir='ltr'><strong>Idem</strong></span> <span class='ocrx_word' id='word_1_130' title='bbox 1730 1751 1816 1818; x_wconf 84' lang='lat' dir='ltr'><strong>cadit</strong></span> <span class='ocrx_word' id='word_1_131' title='bbox 1836 1754 1870 1836; x_wconf 77' lang='lat' dir='ltr'><strong>in</strong></span> <span class='ocrx_word' id='word_1_132' title='bbox 1890 1762 2050 1834; x_wconf 69' lang='lat' dir='ltr'><strong>anserem</strong></span> <span class='ocrx_word' id='word_1_133' title='bbox 2071 1752 2160 1818; x_wconf 85' lang='lat' dir='ltr'><strong>vnde</strong></span> <span class='ocrx_word' id='word_1_134' title='bbox 2177 1751 2275 1818; x_wconf 88' lang='lat' dir='ltr'><strong>loue-</strong></span> 
     </span>
     <span class='ocr_line' id='line_1_12' title="bbox 439 1869 2277 1971; baseline -0.009 -23"><span class='ocrx_word' id='word_1_135' title='bbox 439 1881 522 1948; x_wconf 84' lang='lat' dir='ltr'><strong>ualia</strong></span> <span class='ocrx_word' id='word_1_136' title='bbox 545 1883 627 1971; x_wconf 87' lang='lat' dir='ltr'><strong>(Sat.</strong></span> <span class='ocrx_word' id='word_1_137' title='bbox 642 1881 703 1948; x_wconf 89' lang='lat' dir='ltr'><strong>Vl.</strong></span> <span class='ocrx_word' id='word_1_138' title='bbox 720 1881 809 1964; x_wconf 75' lang='lat' dir='ltr'><strong>tto.)</strong></span> <span class='ocrx_word' id='word_1_139' title='bbox 828 1878 957 1943; x_wconf 81' lang='lat' dir='ltr'><strong>cecinit:</strong></span> <span class='ocrx_word' id='word_1_140' title='bbox 988 1873 1030 1940; x_wconf 83' lang='lat' dir='ltr'><strong>Vt</strong></span> <span class='ocrx_word' id='word_1_141' title='bbox 1047 1879 1176 1940; x_wconf 73' lang='lat' dir='ltr'><strong>cestim</strong></span> <span class='ocrx_word' id='word_1_142' title='bbox 1200 1876 1317 1962; x_wconf 60' lang='lat' dir='ltr'><strong>capae</strong></span> <span class='ocrx_word' id='word_1_143' title='bbox 1335 1895 1403 1940; x_wconf 74' lang='lat' dir='ltr'><strong>noa</strong></span> <span class='ocrx_word' id='word_1_144' title='bbox 1424 1871 1569 1956; x_wconf 78' lang='lat' dir='ltr'><strong>adnant,</strong></span> <span class='ocrx_word' id='word_1_145' title='bbox 1592 1891 1712 1936; x_wconf 72' lang='lat' dir='ltr'><strong>omero</strong></span> <span class='ocrx_word' id='word_1_146' title='bbox 1734 1889 1853 1954; x_wconf 67' lang='lat' dir='ltr'><strong>magno</strong></span> <span class='ocrx_word' id='word_1_147' title='bbox 1874 1869 2021 1952; x_wconf 73' lang='lat' dir='ltr'><strong>scilicet,</strong></span> <span class='ocrx_word' id='word_1_148' title='bbox 2045 1869 2082 1934; x_wconf 76' lang='lat' dir='ltr'><strong>ed</strong></span> <span class='ocrx_word' id='word_1_149' title='bbox 2100 1875 2197 1935; x_wconf 76' lang='lat' dir='ltr'><strong>tentet·</strong></span> <span class='ocrx_word' id='word_1_150' title='bbox 2212 1889 2277 1954; x_wconf 86' lang='lat' dir='ltr'><strong>po·</strong></span> 
     </span>
     <span class='ocr_line' id='line_1_13' title="bbox 437 1987 2277 2084; baseline -0.008 -21"><span class='ocrx_word' id='word_1_151' title='bbox 437 2007 723 2084; x_wconf 71' lang='lat' dir='ltr'><strong>praecorruptus</strong></span> <span class='ocrx_word' id='word_1_152' title='bbox 746 1998 859 2061; x_wconf 70' lang='lat' dir='ltr'><strong>Osirin.</strong></span> <span class='ocrx_word' id='word_1_153' title='bbox 891 1993 977 2058; x_wconf 85' lang='lat' dir='ltr'><strong>Sane</strong></span> <span class='ocrx_word' id='word_1_154' title='bbox 994 2011 1089 2056; x_wconf 79' lang='lat' dir='ltr'><strong>auser</strong></span> <span class='ocrx_word' id='word_1_155' title='bbox 1114 2005 1246 2080; x_wconf 89' lang='lat' dir='ltr'><strong>propter</strong></span> <span class='ocrx_word' id='word_1_156' title='bbox 1265 1995 1415 2058; x_wconf 85' lang='lat' dir='ltr'><strong>inertiam</strong></span> <span class='ocrx_word' id='word_1_157' title='bbox 1435 2005 1468 2056; x_wconf 88' lang='lat' dir='ltr'><strong>ot</strong></span> <span class='ocrx_word' id='word_1_158' title='bbox 1487 1989 1726 2058; x_wconf 65' lang='lat' dir='ltr'><strong>lentitudinem</strong></span> <span class='ocrx_word' id='word_1_159' title='bbox 1745 1987 1828 2074; x_wconf 73' lang='lat' dir='ltr'><strong>ip(s.</strong></span> <span class='ocrx_word' id='word_1_160' title='bbox 1838 2009 1872 2073; x_wconf 90' lang='lat' dir='ltr'><strong>p.</strong></span> <span class='ocrx_word' id='word_1_161' title='bbox 1882 1991 1951 2068; x_wconf 83' lang='lat' dir='ltr'><strong>b8.)</strong></span> <span class='ocrx_word' id='word_1_162' title='bbox 1972 1988 2134 2054; x_wconf 84' lang='lat' dir='ltr'><strong>conuenit.</strong></span> <span class='ocrx_word' id='word_1_163' title='bbox 2176 1987 2277 2050; x_wconf 83' lang='lat' dir='ltr'><strong>Poma</strong></span> 
     </span>
     <span class='ocr_line' id='line_1_14' title="bbox 440 2101 2278 2196; baseline -0.007 -16"><span class='ocrx_word' id='word_1_164' title='bbox 440 2135 546 2194; x_wconf 80' lang='lat' dir='ltr'><strong>anser,</strong></span> <span class='ocrx_word' id='word_1_165' title='bbox 569 2128 606 2178; x_wconf 88' lang='lat' dir='ltr'><strong>vt</strong></span> <span class='ocrx_word' id='word_1_166' title='bbox 629 2113 817 2182; x_wconf 86' lang='lat' dir='ltr'><strong>Krounerus</strong></span> <span class='ocrx_word' id='word_1_167' title='bbox 837 2109 962 2196; x_wconf 84' lang='lat' dir='ltr'><strong>(Symb.</strong></span> <span class='ocrx_word' id='word_1_168' title='bbox 978 2106 1063 2174; x_wconf 82' lang='lat' dir='ltr'><strong>Tab.</strong></span> <span class='ocrx_word' id='word_1_169' title='bbox 1077 2111 1187 2194; x_wconf 77' lang='lat' dir='ltr'><strong>pili.)</strong></span> <span class='ocrx_word' id='word_1_170' title='bbox 1209 2109 1413 2192; x_wconf 87' lang='lat' dir='ltr'><strong>obseruauit,</strong></span> <span class='ocrx_word' id='word_1_171' title='bbox 1435 2109 1648 2194; x_wconf 81' lang='lat' dir='ltr'><strong>Proserpinae</strong></span> <span class='ocrx_word' id='word_1_172' title='bbox 1668 2109 1690 2172; x_wconf 86' lang='lat' dir='ltr'><strong>i.</strong></span> <span class='ocrx_word' id='word_1_173' title='bbox 1707 2128 1737 2172; x_wconf 86' lang='lat' dir='ltr'><strong>e.</strong></span> <span class='ocrx_word' id='word_1_174' title='bbox 1763 2106 1787 2188; x_wconf 68' lang='lat' dir='ltr'><strong>b</strong></span> <span class='ocrx_word' id='word_1_175' title='bbox 1813 2115 1905 2170; x_wconf 86' lang='lat' dir='ltr'><strong>sacra¹</strong></span> <span class='ocrx_word' id='word_1_176' title='bbox 1922 2118 2005 2170; x_wconf 84' lang='lat' dir='ltr'><strong>erat.</strong></span> <span class='ocrx_word' id='word_1_177' title='bbox 2049 2101 2202 2169; x_wconf 86' lang='lat' dir='ltr'><strong>Ceterum</strong></span> <span class='ocrx_word' id='word_1_178' title='bbox 2224 2123 2278 2167; x_wconf 86' lang='lat' dir='ltr'><strong>cu·</strong></span> 
     </span>
     <span class='ocr_line' id='line_1_15' title="bbox 440 2223 2277 2314; baseline -0.003 -19"><span class='ocrx_word' id='word_1_179' title='bbox 440 2231 593 2313; x_wconf 84' lang='lat' dir='ltr'><strong>vandum,</strong></span> <span class='ocrx_word' id='word_1_180' title='bbox 613 2253 655 2296; x_wconf 88' lang='lat' dir='ltr'><strong>ue</strong></span> <span class='ocrx_word' id='word_1_181' title='bbox 673 2252 768 2296; x_wconf 80' lang='lat' dir='ltr'><strong>auser</strong></span> <span class='ocrx_word' id='word_1_182' title='bbox 789 2250 861 2294; x_wconf 90' lang='lat' dir='ltr'><strong>cum</strong></span> <span class='ocrx_word' id='word_1_183' title='bbox 880 2227 1086 2314; x_wconf 84' lang='lat' dir='ltr'><strong>vulpansere‚</strong></span> <span class='ocrx_word' id='word_1_184' title='bbox 1108 2224 1187 2292; x_wconf 87' lang='lat' dir='ltr'><strong>Isidi</strong></span> <span class='ocrx_word' id='word_1_185' title='bbox 1205 2249 1292 2310; x_wconf 88' lang='lat' dir='ltr'><strong>caro,</strong></span> <span class='ocrx_word' id='word_1_186' title='bbox 1308 2225 1533 2294; x_wconf 78' lang='lat' dir='ltr'><strong>conlaudatur.</strong></span> <span class='ocrx_word' id='word_1_187' title='bbox 1575 2224 1717 2292; x_wconf 71' lang='lat' dir='ltr'><strong>Veteris</strong></span> <span class='ocrx_word' id='word_1_188' title='bbox 1739 2226 1824 2293; x_wconf 78' lang='lat' dir='ltr'><strong>cuim</strong></span> <span class='ocrx_word' id='word_1_189' title='bbox 1846 2225 1954 2288; x_wconf 76' lang='lat' dir='ltr'><strong>anteri</strong></span> <span class='ocrx_word' id='word_1_190' title='bbox 1967 2223 2277 2310; x_wconf 83' lang='lat' dir='ltr'><strong>nonuunquam-tri·</strong></span> 
     </span>
     <span class='ocr_line' id='line_1_16' title="bbox 441 2339 2278 2435; baseline -0.003 -25"><span class='ocrx_word' id='word_1_191' title='bbox 441 2344 561 2430; x_wconf 88' lang='lat' dir='ltr'><strong>buunt,</strong></span> <span class='ocrx_word' id='word_1_192' title='bbox 590 2371 672 2435; x_wconf 84' lang='lat' dir='ltr'><strong>quaa</strong></span> <span class='ocrx_word' id='word_1_193' title='bbox 695 2349 737 2422; x_wconf 81' lang='lat' dir='ltr'><strong>ad</strong></span> <span class='ocrx_word' id='word_1_194' title='bbox 758 2345 985 2432; x_wconf 85' lang='lat' dir='ltr'><strong>vulpanaerem</strong></span> <span class='ocrx_word' id='word_1_195' title='bbox 1005 2357 1169 2429; x_wconf 82' lang='lat' dir='ltr'><strong>spectant,</strong></span> <span class='ocrx_word' id='word_1_196' title='bbox 1200 2345 1240 2410; x_wconf 92' lang='lat' dir='ltr'><strong>de</strong></span> <span class='ocrx_word' id='word_1_197' title='bbox 1262 2366 1325 2432; x_wconf 87' lang='lat' dir='ltr'><strong>quo</strong></span> <span class='ocrx_word' id='word_1_198' title='bbox 1350 2343 1446 2412; x_wconf 75' lang='lat' dir='ltr'><strong>iufra.</strong></span> <span class='ocrx_word' id='word_1_199' title='bbox 1488 2343 1542 2412; x_wconf 84' lang='lat' dir='ltr'><strong>Sic</strong></span> <span class='ocrx_word' id='word_1_200' title='bbox 1561 2341 1719 2410; x_wconf 81' lang='lat' dir='ltr'><strong>Aelianus</strong></span> <span class='ocrx_word' id='word_1_201' title='bbox 1738 2339 1800 2425; x_wconf 90' lang='lat' dir='ltr'><strong>(V.</strong></span> <span class='ocrx_word' id='word_1_202' title='bbox 1815 2344 1868 2406; x_wconf 78' lang='lat'><strong>29.</strong></span> <span class='ocrx_word' id='word_1_203' title='bbox 1883 2339 1964 2406; x_wconf 89' lang='lat' dir='ltr'>x11.</span> <span class='ocrx_word' id='word_1_204' title='bbox 1981 2341 2050 2428; x_wconf 81' lang='lat'>³3.)</span> <span class='ocrx_word' id='word_1_205' title='bbox 2074 2344 2187 2409; x_wconf 88' lang='lat' dir='ltr'><strong>eadem</strong></span> <span class='ocrx_word' id='word_1_206' title='bbox 2207 2341 2278 2406; x_wconf 83' lang='lat' dir='ltr'><strong>lere</strong></span> 
     </span>
     <span class='ocr_line' id='line_1_17' title="bbox 442 2459 1869 2554; baseline -0.003 -25"><span class='ocrx_word' id='word_1_207' title='bbox 442 2467 548 2530; x_wconf 78' lang='lat' dir='ltr'><strong>anseri</strong></span> <span class='ocrx_word' id='word_1_208' title='bbox 570 2465 693 2550; x_wconf 82' lang='lat' dir='ltr'><strong>tribuit,</strong></span> <span class='ocrx_word' id='word_1_209' title='bbox 716 2486 798 2554; x_wconf 90' lang='lat' dir='ltr'><strong>quae</strong></span> <span class='ocrx_word' id='word_1_210' title='bbox 819 2459 1001 2548; x_wconf 89' lang='lat' dir='ltr'><strong>Horapollo</strong></span> <span class='ocrx_word' id='word_1_211' title='bbox 1023 2461 1070 2546; x_wconf 90' lang='lat' dir='ltr'><strong>(p.</strong></span> <span class='ocrx_word' id='word_1_212' title='bbox 1090 2462 1157 2546; x_wconf 80' lang='grc'><strong>59.)</strong></span> <span class='ocrx_word' id='word_1_213' title='bbox 1179 2460 1365 2548; x_wconf 86' lang='lat' dir='ltr'><strong>vulpauaari</strong></span> <span class='ocrx_word' id='word_1_214' title='bbox 1386 2460 1567 2549; x_wconf 54' lang='lat' dir='ltr'><strong>adscribit„</strong></span> <span class='ocrx_word' id='word_1_215' title='bbox 1861 2518 1869 2535; x_wconf 87' lang='grc'>,</span> 
     </span>
    </p>

    <p class='ocr_par' dir='ltr' id='par_1_4' title="bbox 413 2567 2322 5107">
     <span class='ocr_line' id='line_1_18' title="bbox 524 2567 2307 2668; baseline -0.004 -22"><span class='ocrx_word' id='word_1_216' title='bbox 524 2580 667 2668; x_wconf 77' lang='lat' dir='ltr'><strong>Aquila,</strong></span> <span class='ocrx_word' id='word_1_217' title='bbox 697 2580 803 2663; x_wconf 77' lang='grc' dir='ltr'><strong>ἅιιος,</strong></span> <span class='ocrx_word' id='word_1_218' title='bbox 832 2570 969 2667; x_wconf 60' lang='lat' dir='ltr'><strong>abaci,</strong></span> <span class='ocrx_word' id='word_1_219' title='bbox 990 2567 1138 2668; x_wconf 65' lang='lat' dir='ltr'><strong>Abmct,</strong></span> <span class='ocrx_word' id='word_1_220' title='bbox 1170 2575 1207 2648; x_wconf 84' lang='grc' dir='ltr'>Θ</span> <span class='ocrx_word' id='word_1_221' title='bbox 1228 2602 1288 2645; x_wconf 88' lang='lat' dir='ltr'><strong>uec</strong></span> <span class='ocrx_word' id='word_1_222' title='bbox 1307 2600 1372 2646; x_wconf 88' lang='lat' dir='ltr'><strong>uon</strong></span> <span class='ocrx_word' id='word_1_223' title='bbox 1394 2586 1422 2664; x_wconf 86' lang='grc'>4</span> <span class='ocrx_word' id='word_1_224' title='bbox 1442 2575 1615 2664; x_wconf 78' lang='lat' dir='ltr'><strong>significat.</strong></span> <span class='ocrx_word' id='word_1_225' title='bbox 1658 2572 1853 2640; x_wconf 84' lang='lat' dir='ltr'><strong>Habebatur</strong></span> <span class='ocrx_word' id='word_1_226' title='bbox 1876 2575 1961 2640; x_wconf 84' lang='lat' dir='ltr'><strong>anim</strong></span> <span class='ocrx_word' id='word_1_227' title='bbox 1984 2575 2094 2664; x_wconf 89' lang='lat' dir='ltr'><strong>aquila</strong></span> <span class='ocrx_word' id='word_1_228' title='bbox 2112 2573 2278 2661; x_wconf 82' lang='lat' dir='ltr'><strong>Heliopoli</strong></span> <span class='ocrx_word' id='word_1_229' title='bbox 2301 2576 2307 2593; x_wconf 91' lang='lat'>&#39;</span> 
     </span>
     <span class='ocr_line' id='line_1_19' title="bbox 443 2692 2275 2786; baseline -0.007 -18"><span class='ocrx_word' id='word_1_230' title='bbox 443 2697 480 2768; x_wconf 82' lang='grc' dir='ltr'>Θ</span> <span class='ocrx_word' id='word_1_231' title='bbox 501 2698 680 2782; x_wconf 77' lang='lat' dir='ltr'><strong>symbolam</strong></span> <span class='ocrx_word' id='word_1_232' title='bbox 696 2699 846 2786; x_wconf 87' lang='lat' dir='ltr'><strong>(Lucian.</strong></span> <span class='ocrx_word' id='word_1_233' title='bbox 862 2696 937 2761; x_wconf 88' lang='lat' dir='ltr'><strong>Dea</strong></span> <span class='ocrx_word' id='word_1_234' title='bbox 950 2695 1022 2780; x_wconf 86' lang='lat' dir='ltr'><strong>Syr.</strong></span> <span class='ocrx_word' id='word_1_235' title='bbox 1039 2719 1072 2784; x_wconf 89' lang='lat' dir='ltr'><strong>p.</strong></span> <span class='ocrx_word' id='word_1_236' title='bbox 1081 2699 1184 2778; x_wconf 68' lang='lat'><strong>902).</strong></span> <span class='ocrx_word' id='word_1_237' title='bbox 1219 2696 1305 2762; x_wconf 88' lang='lat' dir='ltr'><strong>Hinc</strong></span> <span class='ocrx_word' id='word_1_238' title='bbox 1323 2695 1504 2782; x_wconf 85' lang='lat' dir='ltr'><strong>Horapollo</strong></span> <span class='ocrx_word' id='word_1_239' title='bbox 1521 2695 1578 2782; x_wconf 86' lang='lat' dir='ltr'><strong>(ll.</strong></span> <span class='ocrx_word' id='word_1_240' title='bbox 1587 2694 1656 2780; x_wconf 82' lang='lat' dir='ltr'><strong>bb.)</strong></span> <span class='ocrx_word' id='word_1_241' title='bbox 1672 2693 1778 2776; x_wconf 73' lang='lat' dir='ltr'><strong>uadit,</strong></span> <span class='ocrx_word' id='word_1_242' title='bbox 1794 2692 1935 2780; x_wconf 89' lang='lat' dir='ltr'><strong>aquilam</strong></span> <span class='ocrx_word' id='word_1_243' title='bbox 1949 2695 2134 2782; x_wconf 81' lang='lat' dir='ltr'><strong>siguificare</strong></span> <span class='ocrx_word' id='word_1_244' title='bbox 2155 2715 2275 2780; x_wconf 78' lang='lat' dir='ltr'><strong>regom,</strong></span> 
     </span>
     <span class='ocr_line' id='line_1_20' title="bbox 440 2809 2277 2902; baseline -0.003 -23"><span class='ocrx_word' id='word_1_245' title='bbox 440 2815 543 2881; x_wconf 85' lang='lat' dir='ltr'><strong>veluti</strong></span> <span class='ocrx_word' id='word_1_246' title='bbox 563 2822 598 2893; x_wconf 81' lang='grc' dir='ltr'>Θ</span> <span class='ocrx_word' id='word_1_247' title='bbox 617 2818 760 2883; x_wconf 91' lang='lat' dir='ltr'><strong>omnium</strong></span> <span class='ocrx_word' id='word_1_248' title='bbox 778 2813 967 2902; x_wconf 88' lang='lat' dir='ltr'><strong>principem.</strong></span> <span class='ocrx_word' id='word_1_249' title='bbox 1004 2811 1091 2876; x_wconf 89' lang='lat' dir='ltr'><strong>Hinc</strong></span> <span class='ocrx_word' id='word_1_250' title='bbox 1103 2812 1210 2894; x_wconf 82' lang='lat' dir='ltr'><strong>Nilus,</strong></span> <span class='ocrx_word' id='word_1_251' title='bbox 1229 2810 1265 2881; x_wconf 83' lang='grc' dir='ltr'>Θ</span> <span class='ocrx_word' id='word_1_252' title='bbox 1284 2833 1375 2876; x_wconf 83' lang='lat' dir='ltr'><strong>nacor</strong></span> <span class='ocrx_word' id='word_1_253' title='bbox 1389 2815 1521 2900; x_wconf 80' lang='lat' dir='ltr'><strong>simque</strong></span> <span class='ocrx_word' id='word_1_254' title='bbox 1540 2816 1662 2900; x_wconf 68' lang='lat' dir='ltr'><strong>image,</strong></span> <span class='ocrx_word' id='word_1_255' title='bbox 1679 2809 1787 2899; x_wconf 82' lang='lat' dir='ltr'><strong>aquila</strong></span> <span class='ocrx_word' id='word_1_256' title='bbox 1805 2811 1983 2878; x_wconf 83' lang='lat' dir='ltr'><strong>vocabatur</strong></span> <span class='ocrx_word' id='word_1_257' title='bbox 2001 2809 2277 2900; x_wconf 75' lang='lat' dir='ltr'><strong>(Diodor.l.22.).</strong></span> 
     </span>
     <span class='ocr_line' id='line_1_21' title="bbox 439 2925 2278 3021; baseline -0.003 -25"><span class='ocrx_word' id='word_1_258' title='bbox 439 2931 526 2997; x_wconf 85' lang='lat' dir='ltr'><strong>Hinc</strong></span> <span class='ocrx_word' id='word_1_259' title='bbox 545 2935 580 2996; x_wconf 92' lang='lat' dir='ltr'><strong>in</strong></span> <span class='ocrx_word' id='word_1_260' title='bbox 601 2931 741 2996; x_wconf 77' lang='lat' dir='ltr'><strong>zodiaco</strong></span> <span class='ocrx_word' id='word_1_261' title='bbox 764 2933 894 3016; x_wconf 88' lang='lat' dir='ltr'><strong>antiquo</strong></span> <span class='ocrx_word' id='word_1_262' title='bbox 916 2927 1051 3016; x_wconf 76' lang='lat' dir='ltr'><strong>(Kreas.</strong></span> <span class='ocrx_word' id='word_1_263' title='bbox 1069 2929 1179 3015; x_wconf 83' lang='lat' dir='ltr'><strong>Symb.</strong></span> <span class='ocrx_word' id='word_1_264' title='bbox 1195 2926 1238 2995; x_wconf 82' lang='grc' dir='ltr'><strong>Τ.</strong></span> <span class='ocrx_word' id='word_1_265' title='bbox 1255 2931 1326 3015; x_wconf 82' lang='grc'><strong>49.)</strong></span> <span class='ocrx_word' id='word_1_266' title='bbox 1348 2930 1496 2996; x_wconf 83' lang='lat' dir='ltr'><strong>dominat</strong></span> <span class='ocrx_word' id='word_1_267' title='bbox 1511 2939 1581 3021; x_wconf 49' lang='grc' dir='ltr'><strong>ᾗ),</strong></span> <span class='ocrx_word' id='word_1_268' title='bbox 1604 2931 1723 3018; x_wconf 56' lang='lat' dir='ltr'><strong>quippe</strong></span> <span class='ocrx_word' id='word_1_269' title='bbox 1745 2929 1798 3014; x_wconf 82' lang='grc' dir='ltr'><strong>Θ,</strong></span> <span class='ocrx_word' id='word_1_270' title='bbox 1829 2925 2023 3017; x_wconf 71' lang='lat' dir='ltr'><strong>exprimitur</strong></span> <span class='ocrx_word' id='word_1_271' title='bbox 2044 2927 2161 3018; x_wconf 84' lang='lat' dir='ltr'><strong>aquila.</strong></span> <span class='ocrx_word' id='word_1_272' title='bbox 2204 2927 2278 2992; x_wconf 85' lang='lat' dir='ltr'><strong>Plc-</strong></span> 
     </span>
     <span class='ocr_line' id='line_1_22' title="bbox 441 3045 2276 3136; baseline -0.001 -24"><span class='ocrx_word' id='word_1_273' title='bbox 441 3069 577 3135; x_wconf 87' lang='lat' dir='ltr'><strong>rumquc</strong></span> <span class='ocrx_word' id='word_1_274' title='bbox 598 3069 676 3114; x_wconf 86' lang='lat' dir='ltr'><strong>vero</strong></span> <span class='ocrx_word' id='word_1_275' title='bbox 698 3045 806 3133; x_wconf 87' lang='lat' dir='ltr'><strong>aquila</strong></span> <span class='ocrx_word' id='word_1_276' title='bbox 831 3051 866 3124; x_wconf 82' lang='lat' dir='ltr'><strong>²l</strong></span> <span class='ocrx_word' id='word_1_277' title='bbox 892 3046 1051 3134; x_wconf 80' lang='lat' dir='ltr'><strong>designat.</strong></span> <span class='ocrx_word' id='word_1_278' title='bbox 1094 3047 1262 3134; x_wconf 76' lang='lat' dir='ltr'><strong>Astrologi</strong></span> <span class='ocrx_word' id='word_1_279' title='bbox 1285 3045 1433 3136; x_wconf 66' lang='lat' dir='ltr'><strong><em>(HAS.</em></strong></span> <span class='ocrx_word' id='word_1_280' title='bbox 1445 3069 1479 3134; x_wconf 90' lang='lat' dir='ltr'><strong>p.</strong></span> <span class='ocrx_word' id='word_1_281' title='bbox 1489 3050 1562 3132; x_wconf 84' lang='grc'><strong>61.)</strong></span> <span class='ocrx_word' id='word_1_282' title='bbox 1579 3057 1651 3114; x_wconf 69' lang='lat' dir='ltr'><strong>en</strong></span> <span class='ocrx_word' id='word_1_283' title='bbox 1672 3049 1792 3114; x_wconf 87' lang='lat' dir='ltr'><strong>diserte</strong></span> <span class='ocrx_word' id='word_1_284' title='bbox 1812 3055 1841 3133; x_wconf 99' lang='grc'>4</span> <span class='ocrx_word' id='word_1_285' title='bbox 1862 3047 2055 3119; x_wconf 79' lang='lat' dir='ltr'><strong>adscribunt.</strong></span> <span class='ocrx_word' id='word_1_286' title='bbox 2096 3045 2276 3132; x_wconf 86' lang='lat' dir='ltr'><strong>Horapollo</strong></span> 
     </span>
     <span class='ocr_line' id='line_1_23' title="bbox 445 3161 2277 3252; baseline 0 -24"><span class='ocrx_word' id='word_1_287' title='bbox 445 3163 505 3250; x_wconf 87' lang='grc' dir='ltr'><strong>(ΙΙ.</strong></span> <span class='ocrx_word' id='word_1_288' title='bbox 522 3167 570 3245; x_wconf 76' lang='grc'><strong>2.)</strong></span> <span class='ocrx_word' id='word_1_289' title='bbox 601 3165 716 3246; x_wconf 87' lang='lat' dir='ltr'><strong>tradit,</strong></span> <span class='ocrx_word' id='word_1_290' title='bbox 747 3161 876 3250; x_wconf 84' lang='lat' dir='ltr'><strong>aquilae</strong></span> <span class='ocrx_word' id='word_1_291' title='bbox 901 3162 1026 3248; x_wconf 84' lang='lat' dir='ltr'><strong>pullum</strong></span> <span class='ocrx_word' id='word_1_292' title='bbox 1052 3161 1159 3248; x_wconf 77' lang='lat' dir='ltr'><strong>(daron</strong></span> <span class='ocrx_word' id='word_1_293' title='bbox 1180 3165 1325 3249; x_wconf 69' lang='lat' dir='ltr'><strong>nonnos)</strong></span> <span class='ocrx_word' id='word_1_294' title='bbox 1352 3185 1481 3250; x_wconf 86' lang='lat' dir='ltr'><strong>sperma</strong></span> <span class='ocrx_word' id='word_1_295' title='bbox 1502 3163 1697 3252; x_wconf 76' lang='lat' dir='ltr'><strong>significare.</strong></span> <span class='ocrx_word' id='word_1_296' title='bbox 1739 3165 1876 3252; x_wconf 87' lang='lat' dir='ltr'><strong>Sperma</strong></span> <span class='ocrx_word' id='word_1_297' title='bbox 1894 3187 1972 3231; x_wconf 83' lang='lat' dir='ltr'><strong>vero</strong></span> <span class='ocrx_word' id='word_1_298' title='bbox 1995 3171 2027 3243; x_wconf 82' lang='grc'>4</span> <span class='ocrx_word' id='word_1_299' title='bbox 2047 3175 2096 3228; x_wconf 83' lang='lat' dir='ltr'><strong>est</strong></span> <span class='ocrx_word' id='word_1_300' title='bbox 2117 3162 2160 3244; x_wconf 90' lang='grc' dir='ltr'><strong>(Ι.</strong></span> <span class='ocrx_word' id='word_1_301' title='bbox 2175 3169 2207 3244; x_wconf 58' lang='grc' dir='ltr'><strong>ἦ.</strong></span> <span class='ocrx_word' id='word_1_302' title='bbox 2221 3167 2277 3228; x_wconf 81' lang='grc'><strong>48.</strong></span> 
     </span>
     <span class='ocr_line' id='line_1_24' title="bbox 444 3276 2280 3370; baseline -0.001 -25"><span class='ocrx_word' id='word_1_303' title='bbox 444 3284 516 3346; x_wconf 84' lang='grc' dir='ltr'><strong>ιι.5.</strong></span> <span class='ocrx_word' id='word_1_304' title='bbox 531 3283 651 3368; x_wconf 66' lang='lat' dir='ltr'><strong>pcc).</strong></span> <span class='ocrx_word' id='word_1_305' title='bbox 692 3280 793 3345; x_wconf 84' lang='lat' dir='ltr'><strong>Porro</strong></span> <span class='ocrx_word' id='word_1_306' title='bbox 814 3276 937 3346; x_wconf 82' lang='lat' dir='ltr'><strong>&#39;l&#39;bebis</strong></span> <span class='ocrx_word' id='word_1_307' title='bbox 957 3277 1159 3346; x_wconf 87' lang='lat' dir='ltr'><strong>habebantur</strong></span> <span class='ocrx_word' id='word_1_308' title='bbox 1179 3279 1307 3367; x_wconf 84' lang='lat' dir='ltr'><strong>aquilae</strong></span> <span class='ocrx_word' id='word_1_309' title='bbox 1325 3280 1474 3366; x_wconf 86' lang='lat' dir='ltr'><strong>(Diodor.</strong></span> <span class='ocrx_word' id='word_1_310' title='bbox 1493 3282 1524 3346; x_wconf 88' lang='lat' dir='ltr'><strong>l.-</strong></span> <span class='ocrx_word' id='word_1_311' title='bbox 1535 3305 1568 3370; x_wconf 89' lang='lat' dir='ltr'><strong>p.</strong></span> <span class='ocrx_word' id='word_1_312' title='bbox 1576 3287 1630 3348; x_wconf 77' lang='lat' dir='ltr'><strong>tc.</strong></span> <span class='ocrx_word' id='word_1_313' title='bbox 1647 3281 1763 3349; x_wconf 82' lang='lat' dir='ltr'><strong>Strabo</strong></span> <span class='ocrx_word' id='word_1_314' title='bbox 1777 3283 1892 3349; x_wconf 86' lang='lat' dir='ltr'><strong>XVlI.</strong></span> <span class='ocrx_word' id='word_1_315' title='bbox 1908 3305 1941 3369; x_wconf 89' lang='lat' dir='ltr'><strong>p.</strong></span> <span class='ocrx_word' id='word_1_316' title='bbox 1949 3281 2050 3364; x_wconf 73' lang='lat' dir='ltr'><strong>utu),</strong></span> <span class='ocrx_word' id='word_1_317' title='bbox 2073 3301 2156 3368; x_wconf 84' lang='lat' dir='ltr'><strong>quae</strong></span> <span class='ocrx_word' id='word_1_318' title='bbox 2177 3287 2207 3364; x_wconf 86' lang='grc'>4</span> <span class='ocrx_word' id='word_1_319' title='bbox 2228 3293 2280 3344; x_wconf 80' lang='lat' dir='ltr'><strong>ost</strong></span> 
     </span>
     <span class='ocr_line' id='line_1_25' title="bbox 443 3388 2278 3498; baseline -0.001 -37"><span class='ocrx_word' id='word_1_320' title='bbox 443 3399 621 3482; x_wconf 87' lang='lat' dir='ltr'><strong>prouincia.</strong></span> <span class='ocrx_word' id='word_1_321' title='bbox 666 3397 899 3465; x_wconf 83' lang='lat' dir='ltr'><strong>Discamoutun</strong></span> <span class='ocrx_word' id='word_1_322' title='bbox 915 3409 1023 3462; x_wconf 87' lang='lat' dir='ltr'><strong>autem</strong></span> <span class='ocrx_word' id='word_1_323' title='bbox 1044 3399 1079 3463; x_wconf 90' lang='lat' dir='ltr'><strong>iu</strong></span> <span class='ocrx_word' id='word_1_324' title='bbox 1100 3388 1542 3486; x_wconf 60' lang='lat' dir='ltr'><strong>mounmcutls&#39;Aegyptiacis</strong></span> <span class='ocrx_word' id='word_1_325' title='bbox 1559 3401 1622 3465; x_wconf 91' lang='lat' dir='ltr'><strong>duo</strong></span> <span class='ocrx_word' id='word_1_326' title='bbox 1638 3400 1818 3498; x_wconf 70' lang='lat' dir='ltr'><strong>aquilei-mn</strong></span> <span class='ocrx_word' id='word_1_327' title='bbox 1835 3421 1967 3488; x_wconf 77' lang='lat' dir='ltr'><strong>genero,</strong></span> <span class='ocrx_word' id='word_1_328' title='bbox 1984 3419 2121 3485; x_wconf 83' lang='lat' dir='ltr'><strong>quorum</strong></span> <span class='ocrx_word' id='word_1_329' title='bbox 2142 3397 2278 3463; x_wconf 87' lang='lat' dir='ltr'><strong>altorum</strong></span> 
     </span>
     <span class='ocr_line' id='line_1_26' title="bbox 444 3511 2322 3607; baseline 0.001 -29"><span class='ocrx_word' id='word_1_330' title='bbox 444 3514 530 3580; x_wconf 79' lang='lat' dir='ltr'><strong>forte</strong></span> <span class='ocrx_word' id='word_1_331' title='bbox 555 3513 610 3598; x_wconf 82' lang='grc' dir='ltr'><strong>Θ,</strong></span> <span class='ocrx_word' id='word_1_332' title='bbox 638 3514 775 3580; x_wconf 88' lang='lat' dir='ltr'><strong>alterum</strong></span> <span class='ocrx_word' id='word_1_333' title='bbox 797 3523 826 3598; x_wconf 93' lang='grc'>4</span> <span class='ocrx_word' id='word_1_334' title='bbox 850 3511 1091 3601; x_wconf 75' lang='lat' dir='ltr'><strong>tiguidoauerit.</strong></span> <span class='ocrx_word' id='word_1_335' title='bbox 1135 3512 1232 3581; x_wconf 87' lang='lat' dir='ltr'><strong>Certo</strong></span> <span class='ocrx_word' id='word_1_336' title='bbox 1252 3514 1433 3603; x_wconf 85' lang='lat' dir='ltr'><strong>Horapollo</strong></span> <span class='ocrx_word' id='word_1_337' title='bbox 1452 3516 1512 3602; x_wconf 90' lang='lat' dir='ltr'><strong>(ll.</strong></span> <span class='ocrx_word' id='word_1_338' title='bbox 1526 3519 1595 3607; x_wconf 85' lang='grc'><strong>96.)</strong></span> <span class='ocrx_word' id='word_1_339' title='bbox 1624 3517 1791 3605; x_wconf 80' lang='lat' dir='ltr'><strong>distinguit</strong></span> <span class='ocrx_word' id='word_1_340' title='bbox 1813 3542 1833 3584; x_wconf 91' lang='lat' dir='ltr'><strong>a</strong></span> <span class='ocrx_word' id='word_1_341' title='bbox 1856 3517 1989 3606; x_wconf 84' lang='lat' dir='ltr'><strong>reliquis</strong></span> <span class='ocrx_word' id='word_1_342' title='bbox 2011 3515 2152 3605; x_wconf 83' lang='lat' dir='ltr'><strong>aquilam</strong></span> <span class='ocrx_word' id='word_1_343' title='bbox 2173 3527 2277 3580; x_wconf 85' lang='lat' dir='ltr'><strong>rostro</strong></span> <span class='ocrx_word' id='word_1_344' title='bbox 2319 3517 2322 3522; x_wconf 83' lang='lat'>&#39;</span> 
     </span>
     <span class='ocr_line' id='line_1_27' title="bbox 445 3629 2308 3725; baseline 0.003 -29"><span class='ocrx_word' id='word_1_345' title='bbox 445 3631 588 3713; x_wconf 88' lang='lat' dir='ltr'><strong>adunco,</strong></span> <span class='ocrx_word' id='word_1_346' title='bbox 612 3653 708 3720; x_wconf 87' lang='lat' dir='ltr'><strong>quam</strong></span> <span class='ocrx_word' id='word_1_347' title='bbox 732 3639 767 3712; x_wconf 83' lang='lat' dir='ltr'><strong>²l</strong></span> <span class='ocrx_word' id='word_1_348' title='bbox 792 3629 973 3722; x_wconf 72' lang='lat' dir='ltr'><strong>adscribam</strong></span> <span class='ocrx_word' id='word_1_349' title='bbox 995 3632 1133 3698; x_wconf 80' lang='lat' dir='ltr'><strong>videtur.</strong></span> <span class='ocrx_word' id='word_1_350' title='bbox 1176 3631 1262 3698; x_wconf 87' lang='lat' dir='ltr'><strong>Hinc</strong></span> <span class='ocrx_word' id='word_1_351' title='bbox 1283 3633 1439 3701; x_wconf 80' lang='lat' dir='ltr'><strong>Aelianus</strong></span> <span class='ocrx_word' id='word_1_352' title='bbox 1468 3633 1546 3725; x_wconf 87' lang='lat' dir='ltr'><strong>(lx.</strong></span> <span class='ocrx_word' id='word_1_353' title='bbox 1560 3637 1627 3720; x_wconf 87' lang='grc'><strong>10.)</strong></span> <span class='ocrx_word' id='word_1_354' title='bbox 1658 3635 1799 3724; x_wconf 86' lang='lat' dir='ltr'><strong>aquilam</strong></span> <span class='ocrx_word' id='word_1_355' title='bbox 1826 3636 1916 3702; x_wconf 73' lang='lat' dir='ltr'><strong>louis</strong></span> <span class='ocrx_word' id='word_1_356' title='bbox 1944 3636 2044 3701; x_wconf 86' lang='lat' dir='ltr'><strong>tradit</strong></span> <span class='ocrx_word' id='word_1_357' title='bbox 2074 3655 2187 3701; x_wconf 83' lang='lat' dir='ltr'><strong>caman</strong></span> <span class='ocrx_word' id='word_1_358' title='bbox 2214 3653 2277 3697; x_wconf 91' lang='lat' dir='ltr'><strong>nou</strong></span> <span class='ocrx_word' id='word_1_359' title='bbox 2306 3699 2308 3702; x_wconf 84' lang='lat'>.</span> 
     </span>
     <span class='ocr_line' id='line_1_28' title="bbox 442 3753 1172 3838; baseline -0.005 -24"><span class='ocrx_word' id='word_1_360' title='bbox 442 3753 611 3838; x_wconf 77' lang='lat' dir='ltr'><strong>attingere.</strong></span> <span class='ocrx_word' id='word_1_361' title='bbox 1168 3802 1172 3810; x_wconf 84' lang='lat'>.</span> 
     </span>
     <span class='ocr_line' id='line_1_29' title="bbox 527 3863 2276 3958; baseline 0.001 -26"><span class='ocrx_word' id='word_1_362' title='bbox 527 3867 654 3945; x_wconf 83' lang='lat' dir='ltr'><strong>Ardea,</strong></span> <span class='ocrx_word' id='word_1_363' title='bbox 673 3864 809 3952; x_wconf 73' lang='grc' dir='ltr'><strong>ἔρωδιις,</strong></span> <span class='ocrx_word' id='word_1_364' title='bbox 831 3865 987 3958; x_wconf 49' lang='lat' dir='ltr'><strong>sima,</strong></span> <span class='ocrx_word' id='word_1_365' title='bbox 1000 3863 1147 3956; x_wconf 69' lang='lat' dir='ltr'><strong>pMoen,</strong></span> <span class='ocrx_word' id='word_1_366' title='bbox 1167 3871 1203 3938; x_wconf 62' lang='grc' dir='ltr'><em>ὦ</em></span> <span class='ocrx_word' id='word_1_367' title='bbox 1225 3863 1407 3953; x_wconf 80' lang='lat' dir='ltr'><strong>siguificare</strong></span> <span class='ocrx_word' id='word_1_368' title='bbox 1425 3869 1566 3936; x_wconf 88' lang='lat' dir='ltr'><strong>videtur.</strong></span> <span class='ocrx_word' id='word_1_369' title='bbox 1597 3865 1702 3936; x_wconf 74' lang='lat' dir='ltr'><strong>Haec</strong></span> <span class='ocrx_word' id='word_1_370' title='bbox 1724 3873 1794 3936; x_wconf 86' lang='lat' dir='ltr'><strong>auis</strong></span> <span class='ocrx_word' id='word_1_371' title='bbox 1814 3868 1978 3956; x_wconf 81' lang='lat' dir='ltr'><strong>palustris,</strong></span> <span class='ocrx_word' id='word_1_372' title='bbox 1995 3873 2093 3938; x_wconf 86' lang='lat' dir='ltr'><strong>otiam</strong></span> <span class='ocrx_word' id='word_1_373' title='bbox 2114 3869 2276 3937; x_wconf 81' lang='lat' dir='ltr'><strong>Herodian</strong></span> 
     </span>
     <span class='ocr_line' id='line_1_30' title="bbox 413 3983 2275 4078; baseline 0.001 -26"><span class='ocrx_word' id='word_1_374' title='bbox 413 3995 417 4004; x_wconf 89' lang='lat'>&#39;</span> <span class='ocrx_word' id='word_1_375' title='bbox 444 3985 617 4074; x_wconf 84' lang='lat' dir='ltr'><strong>appellata,</strong></span> <span class='ocrx_word' id='word_1_376' title='bbox 639 3986 777 4050; x_wconf 87' lang='lat' dir='ltr'><strong>mittitur</strong></span> <span class='ocrx_word' id='word_1_377' title='bbox 801 4007 822 4052; x_wconf 88' lang='lat' dir='ltr'><strong>a</strong></span> <span class='ocrx_word' id='word_1_378' title='bbox 843 3985 992 4076; x_wconf 76' lang='lat' dir='ltr'><strong>Minepua</strong></span> <span class='ocrx_word' id='word_1_379' title='bbox 1013 3983 1153 4072; x_wconf 77' lang='lat' dir='ltr'><strong>(Aeliau.</strong></span> <span class='ocrx_word' id='word_1_380' title='bbox 1166 3985 1213 4050; x_wconf 87' lang='lat' dir='ltr'><strong>X.</strong></span> <span class='ocrx_word' id='word_1_381' title='bbox 1231 3983 1314 4070; x_wconf 73' lang='grc'><strong>27),</strong></span> <span class='ocrx_word' id='word_1_382' title='bbox 1334 3988 1403 4051; x_wconf 82' lang='lat' dir='ltr'><strong>siue</strong></span> <span class='ocrx_word' id='word_1_383' title='bbox 1418 3991 1479 4066; x_wconf 59' lang='lat' dir='ltr'><strong>a&amp;</strong></span> <span class='ocrx_word' id='word_1_384' title='bbox 1499 3989 1665 4055; x_wconf 86' lang='lat' dir='ltr'><strong>feminino.</strong></span> <span class='ocrx_word' id='word_1_385' title='bbox 1706 3985 1782 4052; x_wconf 89' lang='lat' dir='ltr'><strong>Huc</strong></span> <span class='ocrx_word' id='word_1_386' title='bbox 1802 3988 1879 4054; x_wconf 86' lang='lat' dir='ltr'><strong>facit</strong></span> <span class='ocrx_word' id='word_1_387' title='bbox 1900 4006 2017 4054; x_wconf 89' lang='lat' dir='ltr'><strong>nomen</strong></span> <span class='ocrx_word' id='word_1_388' title='bbox 2039 3991 2157 4076; x_wconf 79' lang='lat' dir='ltr'><strong>ipsum,</strong></span> <span class='ocrx_word' id='word_1_389' title='bbox 2181 4009 2275 4078; x_wconf 87' lang='lat' dir='ltr'><strong>quum</strong></span> 
     </span>
     <span class='ocr_line' id='line_1_31' title="bbox 442 4095 2278 4209; baseline 0 -39"><span class='ocrx_word' id='word_1_390' title='bbox 442 4103 607 4170; x_wconf 82' lang='lat' dir='ltr'><strong>deriuatur</strong></span> <span class='ocrx_word' id='word_1_391' title='bbox 632 4101 673 4167; x_wconf 91' lang='lat' dir='ltr'><strong>ab</strong></span> <span class='ocrx_word' id='word_1_392' title='bbox 694 4095 810 4208; x_wconf 77' lang='lat' dir='ltr'><strong>ie&#39;p·†</strong></span> <span class='ocrx_word' id='word_1_393' title='bbox 830 4121 1000 4189; x_wconf 80' lang='lat' dir='ltr'><strong>pugnare,</strong></span> <span class='ocrx_word' id='word_1_394' title='bbox 1021 4113 1078 4168; x_wconf 91' lang='lat' dir='ltr'><strong>aut</strong></span> <span class='ocrx_word' id='word_1_395' title='bbox 1098 4101 1139 4167; x_wconf 93' lang='lat' dir='ltr'><strong>ab</strong></span> <span class='ocrx_word' id='word_1_396' title='bbox 1159 4119 1325 4209; x_wconf 61' lang='lat' dir='ltr'><strong>rap-xum</strong></span> <span class='ocrx_word' id='word_1_397' title='bbox 1347 4106 1506 4190; x_wconf 81' lang='lat' dir='ltr'><strong>affligere.</strong></span> <span class='ocrx_word' id='word_1_398' title='bbox 1550 4106 1658 4170; x_wconf 86' lang='lat' dir='ltr'><strong>Etiam</strong></span> <span class='ocrx_word' id='word_1_399' title='bbox 1678 4103 1866 4186; x_wconf 83' lang='lat' dir='ltr'><strong>Diomedes,</strong></span> <span class='ocrx_word' id='word_1_400' title='bbox 1890 4109 2061 4172; x_wconf 73' lang='lat' dir='ltr'><strong>cui&#39;ardea</strong></span> <span class='ocrx_word' id='word_1_401' title='bbox 2084 4129 2176 4172; x_wconf 88' lang='lat' dir='ltr'><strong>sacre</strong></span> <span class='ocrx_word' id='word_1_402' title='bbox 2196 4121 2278 4187; x_wconf 89' lang='lat' dir='ltr'><strong>orat,</strong></span> 
     </span>
     <span class='ocr_line' id='line_1_32' title="bbox 444 4220 2277 4310; baseline 0.001 -24"><span class='ocrx_word' id='word_1_403' title='bbox 444 4221 633 4286; x_wconf 88' lang='lat' dir='ltr'><strong>aMiuerua</strong></span> <span class='ocrx_word' id='word_1_404' title='bbox 656 4224 719 4310; x_wconf 62' lang='lat' dir='ltr'><strong>(d)</strong></span> <span class='ocrx_word' id='word_1_405' title='bbox 740 4225 826 4287; x_wconf 88' lang='lat' dir='ltr'><strong>iuter</strong></span> <span class='ocrx_word' id='word_1_406' title='bbox 847 4221 925 4286; x_wconf 84' lang='lat' dir='ltr'><strong>daos</strong></span> <span class='ocrx_word' id='word_1_407' title='bbox 946 4222 1094 4286; x_wconf 84' lang='lat' dir='ltr'><strong>refertur.</strong></span> <span class='ocrx_word' id='word_1_408' title='bbox 1137 4222 1200 4288; x_wconf 82' lang='lat' dir='ltr'><strong>Sed</strong></span> <span class='ocrx_word' id='word_1_409' title='bbox 1224 4220 1304 4288; x_wconf 89' lang='lat' dir='ltr'><strong>alias</strong></span> <span class='ocrx_word' id='word_1_410' title='bbox 1324 4222 1368 4295; x_wconf 92' lang='lat' dir='ltr'><strong>ob</strong></span> <span class='ocrx_word' id='word_1_411' title='bbox 1388 4240 1502 4289; x_wconf 72' lang='lat' dir='ltr'><strong>cauum</strong></span> <span class='ocrx_word' id='word_1_412' title='bbox 1524 4224 1624 4289; x_wconf 89' lang='lat' dir='ltr'><strong>ardea</strong></span> <span class='ocrx_word' id='word_1_413' title='bbox 1651 4235 1673 4306; x_wconf 64' lang='lat' dir='ltr'><strong>tp</strong></span> <span class='ocrx_word' id='word_1_414' title='bbox 1701 4222 1912 4289; x_wconf 85' lang='lat' dir='ltr'><strong>adscribenda</strong></span> <span class='ocrx_word' id='word_1_415' title='bbox 1935 4247 2007 4290; x_wconf 87' lang='lat' dir='ltr'><strong>esse</strong></span> <span class='ocrx_word' id='word_1_416' title='bbox 2029 4225 2171 4290; x_wconf 70' lang='lat' dir='ltr'><strong>videtnrae</strong></span> <span class='ocrx_word' id='word_1_417' title='bbox 2208 4224 2277 4288; x_wconf 81' lang='lat' dir='ltr'><strong>Sci·</strong></span> 
     </span>
     <span class='ocr_line' id='line_1_33' title="bbox 442 4337 2276 4425; baseline 0.001 -22"><span class='ocrx_word' id='word_1_418' title='bbox 442 4337 519 4404; x_wconf 90' lang='lat' dir='ltr'><strong>licet</strong></span> <span class='ocrx_word' id='word_1_419' title='bbox 542 4340 658 4405; x_wconf 90' lang='lat' dir='ltr'><strong>ardeae</strong></span> <span class='ocrx_word' id='word_1_420' title='bbox 683 4342 829 4408; x_wconf 90' lang='lat' dir='ltr'><strong>dicuutur</strong></span> <span class='ocrx_word' id='word_1_421' title='bbox 857 4339 936 4404; x_wconf 86' lang='lat' dir='ltr'><strong>socii</strong></span> <span class='ocrx_word' id='word_1_422' title='bbox 964 4337 1132 4404; x_wconf 90' lang='lat' dir='ltr'><strong>Diomedis</strong></span> <span class='ocrx_word' id='word_1_423' title='bbox 1154 4343 1270 4406; x_wconf 87' lang='lat' dir='ltr'><strong>metati</strong></span> <span class='ocrx_word' id='word_1_424' title='bbox 1293 4343 1327 4408; x_wconf 92' lang='lat' dir='ltr'><strong>iu</strong></span> <span class='ocrx_word' id='word_1_425' title='bbox 1358 4363 1453 4425; x_wconf 89' lang='lat' dir='ltr'><strong>aues,</strong></span> <span class='ocrx_word' id='word_1_426' title='bbox 1491 4343 1525 4407; x_wconf 91' lang='lat' dir='ltr'><strong>in</strong></span> <span class='ocrx_word' id='word_1_427' title='bbox 1551 4341 1659 4408; x_wconf 81' lang='lat' dir='ltr'><strong>insula</strong></span> <span class='ocrx_word' id='word_1_428' title='bbox 1689 4339 1869 4420; x_wconf 86' lang='lat' dir='ltr'><strong>Diomedea</strong></span> <span class='ocrx_word' id='word_1_429' title='bbox 1893 4345 2038 4407; x_wconf 81' lang='lat' dir='ltr'><strong>uiuentes</strong></span> <span class='ocrx_word' id='word_1_430' title='bbox 2067 4339 2153 4422; x_wconf 78' lang='lat' dir='ltr'><strong>(Aet.</strong></span> <span class='ocrx_word' id='word_1_431' title='bbox 2170 4338 2196 4404; x_wconf 92' lang='lat' dir='ltr'><strong>l.</strong></span> <span class='ocrx_word' id='word_1_432' title='bbox 2217 4347 2276 4425; x_wconf 89' lang='lat' dir='ltr'><strong>t.).</strong></span> 
     </span>
     <span class='ocr_line' id='line_1_34' title="bbox 443 4453 2278 4548; baseline 0.005 -28"><span class='ocrx_word' id='word_1_433' title='bbox 443 4456 534 4522; x_wconf 87' lang='lat' dir='ltr'><strong>Idem</strong></span> <span class='ocrx_word' id='word_1_434' title='bbox 554 4456 730 4524; x_wconf 83' lang='lat' dir='ltr'><strong>Diomedes</strong></span> <span class='ocrx_word' id='word_1_435' title='bbox 751 4481 823 4524; x_wconf 90' lang='lat' dir='ltr'><strong>cum</strong></span> <span class='ocrx_word' id='word_1_436' title='bbox 846 4456 1015 4524; x_wconf 86' lang='lat' dir='ltr'><strong>Dioscuris</strong></span> <span class='ocrx_word' id='word_1_437' title='bbox 1036 4453 1099 4543; x_wconf 69' lang='lat' dir='ltr'><strong>(t)</strong></span> <span class='ocrx_word' id='word_1_438' title='bbox 1119 4460 1324 4544; x_wconf 77' lang='lat' dir='ltr'><strong>coniungitur</strong></span> <span class='ocrx_word' id='word_1_439' title='bbox 1345 4473 1378 4526; x_wconf 90' lang='lat' dir='ltr'><strong>et</strong></span> <span class='ocrx_word' id='word_1_440' title='bbox 1397 4475 1612 4546; x_wconf 88' lang='lat' dir='ltr'><strong>comparatur.</strong></span> <span class='ocrx_word' id='word_1_441' title='bbox 1657 4458 1752 4525; x_wconf 89' lang='lat' dir='ltr'><strong>Circa</strong></span> <span class='ocrx_word' id='word_1_442' title='bbox 1779 4459 1959 4548; x_wconf 87' lang='lat' dir='ltr'><strong>sepulcrum</strong></span> <span class='ocrx_word' id='word_1_443' title='bbox 1982 4461 2061 4539; x_wconf 77' lang='lat' dir='ltr'><strong>oica,</strong></span> <span class='ocrx_word' id='word_1_444' title='bbox 2083 4459 2118 4522; x_wconf 91' lang='lat' dir='ltr'><strong>iu</strong></span> <span class='ocrx_word' id='word_1_445' title='bbox 2141 4457 2278 4529; x_wconf 73' lang='lat' dir='ltr'><strong>Diome·</strong></span> 
     </span>
     <span class='ocr_line' id='line_1_35' title="bbox 444 4571 2279 4670; baseline 0.003 -34"><span class='ocrx_word' id='word_1_446' title='bbox 444 4571 507 4636; x_wconf 87' lang='lat' dir='ltr'><strong>dea</strong></span> <span class='ocrx_word' id='word_1_447' title='bbox 529 4574 651 4657; x_wconf 88' lang='lat' dir='ltr'><strong>insula,</strong></span> <span class='ocrx_word' id='word_1_448' title='bbox 684 4575 806 4661; x_wconf 87' lang='lat' dir='ltr'><strong>platani</strong></span> <span class='ocrx_word' id='word_1_449' title='bbox 833 4572 1062 4662; x_wconf 88' lang='lat' dir='ltr'><strong>plantabantur</strong></span> <span class='ocrx_word' id='word_1_450' title='bbox 1097 4573 1119 4646; x_wconf 71' lang='lat' dir='ltr'><strong>ii</strong></span> <span class='ocrx_word' id='word_1_451' title='bbox 1155 4577 1239 4640; x_wconf 84' lang='lat' dir='ltr'><strong>sacri</strong></span> <span class='ocrx_word' id='word_1_452' title='bbox 1266 4575 1430 4670; x_wconf 73' lang='lat' dir='ltr'><strong>(Krcuner</strong></span> <span class='ocrx_word' id='word_1_453' title='bbox 1446 4578 1555 4664; x_wconf 80' lang='lat' dir='ltr'><strong>Symb.</strong></span> <span class='ocrx_word' id='word_1_454' title='bbox 1572 4577 1632 4644; x_wconf 89' lang='lat'>111.</span> <span class='ocrx_word' id='word_1_455' title='bbox 1648 4602 1681 4665; x_wconf 89' lang='lat' dir='ltr'><strong>p.</strong></span> <span class='ocrx_word' id='word_1_456' title='bbox 1698 4577 1777 4661; x_wconf 58' lang='grc'><strong>34).</strong></span> <span class='ocrx_word' id='word_1_457' title='bbox 1827 4580 1927 4644; x_wconf 85' lang='grc' dir='ltr'><strong>Ροιιο</strong></span> <span class='ocrx_word' id='word_1_458' title='bbox 1959 4575 2132 4660; x_wconf 80' lang='lat' dir='ltr'><strong>Diomedi,</strong></span> <span class='ocrx_word' id='word_1_459' title='bbox 2161 4579 2217 4665; x_wconf 84' lang='lat' dir='ltr'><strong>qui</strong></span> <span class='ocrx_word' id='word_1_460' title='bbox 2246 4591 2279 4642; x_wconf 91' lang='lat' dir='ltr'><strong>et</strong></span> 
     </span>
     <span class='ocr_line' id='line_1_36' title="bbox 443 4686 2280 4784; baseline 0.003 -30"><span class='ocrx_word' id='word_1_461' title='bbox 443 4686 624 4754; x_wconf 83' lang='lat' dir='ltr'><strong>Palladium</strong></span> <span class='ocrx_word' id='word_1_462' title='bbox 648 4695 773 4776; x_wconf 91' lang='lat' dir='ltr'><strong>rapuit,</strong></span> <span class='ocrx_word' id='word_1_463' title='bbox 794 4715 918 4759; x_wconf 84' lang='lat' dir='ltr'><strong>summa</strong></span> <span class='ocrx_word' id='word_1_464' title='bbox 940 4693 1098 4760; x_wconf 84' lang='lat' dir='ltr'><strong>calliditas</strong></span> <span class='ocrx_word' id='word_1_465' title='bbox 1121 4692 1328 4775; x_wconf 75' lang='lat' dir='ltr'><strong>adscribitur,</strong></span> <span class='ocrx_word' id='word_1_466' title='bbox 1350 4719 1433 4783; x_wconf 83' lang='lat' dir='ltr'><strong>quae</strong></span> <span class='ocrx_word' id='word_1_467' title='bbox 1460 4701 1481 4771; x_wconf 69' lang='lat' dir='ltr'><strong>li</strong></span> <span class='ocrx_word' id='word_1_468' title='bbox 1515 4707 1565 4761; x_wconf 86' lang='lat' dir='ltr'><strong>ost</strong></span> <span class='ocrx_word' id='word_1_469' title='bbox 1586 4698 1700 4761; x_wconf 84' lang='lat' dir='ltr'><strong>virtus.</strong></span> <span class='ocrx_word' id='word_1_470' title='bbox 1734 4694 1895 4784; x_wconf 39' lang='lat' dir='ltr'><strong>,Denique</strong></span> <span class='ocrx_word' id='word_1_471' title='bbox 1915 4695 2086 4761; x_wconf 89' lang='lat' dir='ltr'><strong>Diomedis</strong></span> <span class='ocrx_word' id='word_1_472' title='bbox 2106 4717 2244 4776; x_wconf 85' lang='lat' dir='ltr'><strong>nomon,</strong></span> <span class='ocrx_word' id='word_1_473' title='bbox 2258 4717 2280 4760; x_wconf 88' lang='lat' dir='ltr'><strong>a</strong></span> 
     </span>
     <span class='ocr_line' id='line_1_37' title="bbox 442 4804 2279 4902; baseline 0.004 -33"><span class='ocrx_word' id='word_1_474' title='bbox 442 4804 600 4871; x_wconf 85' lang='lat' dir='ltr'><strong>vocabulo</strong></span> <span class='ocrx_word' id='word_1_475' title='bbox 623 4806 702 4882; x_wconf 84' lang='grc' dir='ltr'><strong>Διος</strong></span> <span class='ocrx_word' id='word_1_476' title='bbox 724 4821 756 4871; x_wconf 89' lang='lat' dir='ltr'><strong>et</strong></span> <span class='ocrx_word' id='word_1_477' title='bbox 776 4812 916 4892; x_wconf 81' lang='grc' dir='ltr'><strong>μηδομαι</strong></span> <span class='ocrx_word' id='word_1_478' title='bbox 940 4812 1130 4897; x_wconf 88' lang='lat' dir='ltr'><strong>derinatum,</strong></span> <span class='ocrx_word' id='word_1_479' title='bbox 1154 4812 1300 4902; x_wconf 80' lang='lat' dir='ltr'><strong>designat</strong></span> <span class='ocrx_word' id='word_1_480' title='bbox 1323 4811 1587 4879; x_wconf 82' lang='lat' dir='ltr'><strong>deliberationem</strong></span> <span class='ocrx_word' id='word_1_481' title='bbox 1608 4814 1761 4898; x_wconf 86' lang='lat' dir='ltr'><strong>diuinam,</strong></span> <span class='ocrx_word' id='word_1_482' title='bbox 1783 4824 1866 4902; x_wconf 84' lang='lat' dir='ltr'><strong>quae</strong></span> <span class='ocrx_word' id='word_1_483' title='bbox 1895 4817 1928 4885; x_wconf 50' lang='grc' dir='ltr'><strong>ἶ</strong></span> <span class='ocrx_word' id='word_1_484' title='bbox 1945 4827 2004 4882; x_wconf 84' lang='lat' dir='ltr'><strong>ast.</strong></span> <span class='ocrx_word' id='word_1_485' title='bbox 2049 4813 2124 4880; x_wconf 86' lang='lat' dir='ltr'><strong>Hac</strong></span> <span class='ocrx_word' id='word_1_486' title='bbox 2138 4811 2279 4896; x_wconf 80' lang='lat' dir='ltr'><strong>accedit,</strong></span> 
     </span>
     <span class='ocr_line' id='line_1_38' title="bbox 444 4921 2279 5020; baseline 0.005 -35"><span class='ocrx_word' id='word_1_487' title='bbox 444 4924 529 5009; x_wconf 88' lang='lat' dir='ltr'><strong>quod</strong></span> <span class='ocrx_word' id='word_1_488' title='bbox 552 4921 707 4989; x_wconf 75' lang='lat' dir='ltr'><strong>Aelianus</strong></span> <span class='ocrx_word' id='word_1_489' title='bbox 728 4923 820 5008; x_wconf 83' lang='lat' dir='ltr'><strong>(vll.</strong></span> <span class='ocrx_word' id='word_1_490' title='bbox 834 4929 881 5009; x_wconf 86' lang='grc'><strong>7.)</strong></span> <span class='ocrx_word' id='word_1_491' title='bbox 904 4929 1017 4994; x_wconf 86' lang='lat' dir='ltr'><strong>ardeas</strong></span> <span class='ocrx_word' id='word_1_492' title='bbox 1037 4952 1111 4997; x_wconf 89' lang='lat' dir='ltr'><strong>cum</strong></span> <span class='ocrx_word' id='word_1_493' title='bbox 1133 4930 1278 5020; x_wconf 77' lang='lat' dir='ltr'><strong>gruibus,</strong></span> <span class='ocrx_word' id='word_1_494' title='bbox 1304 4943 1326 5016; x_wconf 58' lang='grc' dir='ltr'>ξ</span> <span class='ocrx_word' id='word_1_495' title='bbox 1355 4930 1480 5014; x_wconf 85' lang='lat' dir='ltr'><strong>auibus,</strong></span> <span class='ocrx_word' id='word_1_496' title='bbox 1505 4935 1686 5020; x_wconf 82' lang='lat' dir='ltr'><strong>coniungit,</strong></span> <span class='ocrx_word' id='word_1_497' title='bbox 1708 4935 1813 5020; x_wconf 88' lang='lat' dir='ltr'><strong>iisque</strong></span> <span class='ocrx_word' id='word_1_498' title='bbox 1837 4935 2039 5020; x_wconf 77' lang='lat' dir='ltr'><strong>tempestatis</strong></span> <span class='ocrx_word' id='word_1_499' title='bbox 2063 4931 2279 5018; x_wconf 78' lang='lat' dir='ltr'><strong>praesagitio·</strong></span> 
     </span>
     <span class='ocr_line' id='line_1_39' title="bbox 443 5039 704 5107; baseline 0.011 -3"><span class='ocrx_word' id='word_1_500' title='bbox 443 5059 516 5104; x_wconf 86' lang='lat' dir='ltr'><strong>uem</strong></span> <span class='ocrx_word' id='word_1_501' title='bbox 542 5039 704 5107; x_wconf 86' lang='lat' dir='ltr'><strong>adscribit.</strong></span> 
     </span>
    </p>

    <p class='ocr_par' dir='ltr' id='par_1_5' title="bbox 441 5155 2278 5372">
     <span class='ocr_line' id='line_1_40' title="bbox 530 5155 2276 5268; baseline 0.005 -48"><span class='ocrx_word' id='word_1_502' title='bbox 530 5155 676 5239; x_wconf 71' lang='lat' dir='ltr'><strong>Uoconia,</strong></span> <span class='ocrx_word' id='word_1_503' title='bbox 697 5165 858 5245; x_wconf 76' lang='grc' dir='ltr'><strong><em>πελαργος,</em></strong></span> <span class='ocrx_word' id='word_1_504' title='bbox 880 5168 1032 5268; x_wconf 60' lang='lat' dir='ltr'><strong>(Now,</strong></span> <span class='ocrx_word' id='word_1_505' title='bbox 1054 5186 1150 5249; x_wconf 63' lang='lat' dir='ltr'><strong>ypvtp,</strong></span> <span class='ocrx_word' id='word_1_506' title='bbox 1173 5164 1306 5249; x_wconf 85' lang='lat' dir='ltr'><strong>ciconia)</strong></span> <span class='ocrx_word' id='word_1_507' title='bbox 1331 5163 1353 5233; x_wconf 78' lang='lat' dir='ltr'><strong>il</strong></span> <span class='ocrx_word' id='word_1_508' title='bbox 1383 5165 1575 5251; x_wconf 65' lang='lat' dir='ltr'><strong>symbolum.</strong></span> <span class='ocrx_word' id='word_1_509' title='bbox 1618 5168 1797 5255; x_wconf 87' lang='lat' dir='ltr'><strong>Horapollo</strong></span> <span class='ocrx_word' id='word_1_510' title='bbox 1821 5168 1919 5234; x_wconf 87' lang='lat' dir='ltr'><strong>tradit</strong></span> <span class='ocrx_word' id='word_1_511' title='bbox 1941 5165 2098 5252; x_wconf 82' lang='lat'>(11.·58.)‚</span> <span class='ocrx_word' id='word_1_512' title='bbox 2121 5167 2276 5230; x_wconf 77' lang='lat' dir='ltr'><strong>cicomam</strong></span> 
     </span>
     <span class='ocr_line' id='line_1_41' title="bbox 441 5261 2278 5372; baseline 0.005 -36"><span class='ocrx_word' id='word_1_513' title='bbox 441 5271 623 5359; x_wconf 80' lang='lat' dir='ltr'><strong>significare</strong></span> <span class='ocrx_word' id='word_1_514' title='bbox 643 5261 784 5340; x_wconf 73' lang='lat' dir='ltr'><strong>arnoiem</strong></span> <span class='ocrx_word' id='word_1_515' title='bbox 803 5279 837 5342; x_wconf 88' lang='lat' dir='ltr'><strong>iu</strong></span> <span class='ocrx_word' id='word_1_516' title='bbox 860 5295 1021 5366; x_wconf 83' lang='lat' dir='ltr'><strong>parentes.</strong></span> <span class='ocrx_word' id='word_1_517' title='bbox 1066 5279 1163 5345; x_wconf 84' lang='lat' dir='ltr'><strong>Haeo</strong></span> <span class='ocrx_word' id='word_1_518' title='bbox 1184 5289 1279 5365; x_wconf 57' lang='lat' dir='ltr'><strong>cnm,</strong></span> <span class='ocrx_word' id='word_1_519' title='bbox 1300 5284 1414 5369; x_wconf 84' lang='lat' dir='ltr'><strong>inquit,</strong></span> <span class='ocrx_word' id='word_1_520' title='bbox 1438 5303 1602 5370; x_wconf 70' lang='lat' dir='ltr'><strong>nunqnam</strong></span> <span class='ocrx_word' id='word_1_521' title='bbox 1625 5285 1666 5352; x_wconf 80' lang='lat' dir='ltr'><strong>ab</strong></span> <span class='ocrx_word' id='word_1_522' title='bbox 1691 5293 1773 5372; x_wconf 73' lang='lat' dir='ltr'><strong>optio</strong></span> <span class='ocrx_word' id='word_1_523' title='bbox 1794 5292 1992 5372; x_wconf 57' lang='lat' dir='ltr'><strong>satagitur,</strong></span> <span class='ocrx_word' id='word_1_524' title='bbox 2017 5283 2077 5349; x_wconf 85' lang='lat' dir='ltr'><strong>ted</strong></span> <span class='ocrx_word' id='word_1_525' title='bbox 2094 5283 2142 5348; x_wconf 86' lang='lat' dir='ltr'><strong>ad</strong></span> <span class='ocrx_word' id='word_1_526' title='bbox 2161 5289 2278 5347; x_wconf 75' lang='lat' dir='ltr'><strong>eatre-</strong></span> 
     </span>
    </p>
   </div>
   <div class='ocr_carea' id='block_1_3' title="bbox 0 0 2463 6100">
    <p class='ocr_par' dir='ltr' id='par_1_6' title="bbox 0 0 2463 6100">
     <span class='ocr_line' id='line_1_42' title="bbox 0 0 2463 6100; baseline 0 0"><span class='ocrx_word' id='word_1_527' title='bbox 0 0 2463 6100; x_wconf 95' lang='lat' dir='ltr'><strong> </strong></span> 
     </span>
    </p>
   </div>
  </div>
 </body>
</html>
