4958 6092
964 519 1271 596 ...,5-.

196 703 438 788 chronologiam
458 699 660 766 conscribere
674 713 793 786 posset.
836 698 962 778 Quibus
982 725 1028 770 ax
1043 704 1122 772 locis
1142 709 1208 770 iam
1230 704 1350 770 clarum
1373 720 1550 792 eampum,
1568 707 1859 792 Aegyptioaiustar
1881 713 2023 792 gentium

195 843 265 886 cum
279 823 320 884 iit
335 832 544 906 cognatarum
559 816 802 884 obseruationes
817 841 893 886 suas
908 824 1138 888 astronomicas
1150 844 1215 888 non
1228 825 1456 909 suppressisse,
1472 822 1529 888 aetl
1542 821 1644 888 literis
1656 821 1856 910 significasse
1871 829 2021 910 posteris·

194 959 255 1024 que
277 937 448 1002 tradidisse
470 937 683 1002 monumentis
705 937 772 1000 suis
792 935 1069 1026 hieroplypbiois„

277 1053 430 1118 Ceterum
454 1064 661 1118 monumenta
682 1053 883 1138 antiquitatis
902 1051 1141 1139 Aegyptiacae,
1163 1075 1246 1139 quae
1268 1056 1308 1120 ad
1329 1066 1474 1120 nostram
1496 1066 1635 1118 aetatem
1656 1069 1890 1140 peruenerunt,
1919 1057 2020 1122 multo

190 1183 267 1234 aaut
286 1171 520 1251 numerosiora,
542 1189 638 1258 quam
659 1167 759 1266 uulgo
776 1180 918 1253 putatur.
950 1169 1092 1234 Exstant
1112 1172 1197 1234 euim
1211 1173 1385 1236 etiamnum
1405 1190 1464 1254 per
1478 1181 1578 1234 totam
1596 1171 1780 1258 Aegyptum
1802 1171 1921 1258 templa
1939 1195 2012 1258 per-

190 1285 292 1350 multa
312 1309 466 1353 sommae
486 1288 627 1374 parietes
648 1306 720 1350 euru
740 1283 998 1372 inscriptionibus
1018 1287 1211 1366 innumeris3
1233 1292 1436 1370 reperiuntur
1450 1287 1598 1370 obelisci,
1620 1301 1746 1352 statuae
1769 1285 1933 1374 malaeque
1955 1290 2017 1354 ira·

188 1408 413 1492 queutiasimat
426 1417 539 1490 petent
552 1403 700 1491 hypogea
713 1402 900 1489 longissima
911 1415 944 1467 at
957 1401 1153 1488 amplissima
1168 1403 1269 1468 multa
1281 1422 1353 1470 oum
1366 1403 1624 1491 inscriptionibus
1638 1403 1707 1468 fere
1718 1405 1905 1485 innumeris,
1923 1419 2018 1491 atque

186 1527 218 1586 iu
234 1526 328 1586 saxis
349 1522 393 1588 atl
410 1519 579 1606 ripasNili
602 1519 767 1587 titulorum
781 1517 1093 1606 hieroglypbieorum
1114 1532 1246 1584 exstant
1266 1519 1378 1598 millia,
1400 1524 1543 1586 maxime
1565 1524 1648 1584 iuter
1660 1517 1791 1584 Thebas
1808 1534 1840 1584 et
1855 1520 2017 1586 Philarum

186 1639 336 1720 insulam
359 1637 415 1702 vbi
435 1657 501 1700 vno
523 1639 614 1722 quasi
636 1649 747 1702 teutue
766 1637 905 1700 inuitem
925 1657 962 1700 se
983 1639 1160 1722 excipiunt.
1204 1613 1385 1702 [ablaunis
1407 1653 1514 1704 autern
1537 1637 1716 1720 Europaeis
1737 1649 1803 1699 tam
1825 1637 1918 1701 multi
1941 1661 2016 1702 uou-

185 1769 361 1820 seruantur
376 1750 567 1838 sarcophagi
585 1756 838 1840 mumiaqumque
854 1753 965 1834 cistae,
987 1751 1130 1834 obelisci,
1149 1753 1250 1818 stelae
1262 1757 1421 1841 tippiqne,
1441 1769 1578 1832 statuae,
1595 1755 1708 1838 papyri
1726 1750 1851 1837 aliaque
1872 1753 2015 1816 eiusdem

184 1874 315 1958 generis
336 1881 552 1948 monumenta,
575 1882 612 1942 vt
633 1871 692 1933 vix
715 1868 830 1934 cedant
851 1887 984 1932 numero
1002 1870 1219 1957 Aegyptiacis.
1263 1870 1315 1936 De
1334 1871 1385 1936 his
1406 1847 1533 1958 qnidam
1556 1870 1770 1934 monumentis
1792 1881 1825 1930 et
1839 1868 2016 1954 Aegyptia·

184 1988 229 2049 uis
261 1999 294 2048 et
319 1985 518 2070 Europaeis,
546 2004 683 2069 quorum
704 1985 773 2050 fera
796 1984 906 2050 donem
926 1983 1029 2050 millia
1049 1999 1275 2069 numerantur,
1303 1985 1400 2074 louge
1424 1986 1562 2074 plurima
1582 1988 1631 2049 ita
1653 1997 1839 2070 comparata
1860 1999 1952 2064 suut,
1982 1999 2016 2046 vt

183 2102 337 2188 Aegyptii
354 2098 599 2166 obseruationes
622 2104 852 2166 astronomicas
873 2103 907 2164 iu
926 2104 970 2166 iis
991 2106 1180 2188 consignare
1202 2097 1298 2189 atque
1328 2118 1402 2168 anta
1427 2103 1537 2168 oculos
1564 2123 1684 2188 ponere
1705 2102 1869 2186 potuerint
1895 2121 1933 2164 ao
1961 2101 2016 2163 de·

183 2216 323 2282 bueriut.
1958 2201 1967 2219 ’

269 2332 375 2406 Quam
399 2352 476 2416 ergo
500 2329 733 2418 recolligimus,
754 2336 872 2418 partim
895 2333 936 2397 ab
958 2337 1188 2420 antiquissimis
1208 2335 1284 2400 iuda
1310 2335 1508 2424 temporibus
1535 2355 1635 2421 nsque
1661 2333 1701 2398 ad
1723 2334 1887 2396 interitum
1907 2351 2014 2394 rerum

180 2471 314 2514 suarum
336 2459 492 2534 regnante
512 2445 723 2514 Constantino
746 2448 793 2514 Μ.
815 2451 993 2535 perfeetum
1017 2451 1195 2537 Aegyptios
1224 2465 1257 2515 et
1284 2451 1403 2540 abique
1431 2453 1572 2518 locorum
1602 2466 1635 2516 et
1665 2452 1785 2514 centies
1817 2449 1932 2533 quouis
1962 2445 2013 2510 die

179 2567 362 2635 instituisse
394 2564 637 2631 obseruationes
664 2568 892 2631 astronomicas
907 2630 909 2638 ,
922 2585 1040 2653 easque
1068 2566 1309 2652 hieroglyphice
1345 2572 1551 2654 consignatas
1576 2569 1757 2653 posteritati
1786 2583 2012 2634 conseruasse;

178 2685 301 2766 partim
321 2696 526 2748 monumenta
548 2680 749 2768 Aegyptiace
771 2681 840 2747 fere
864 2686 1051 2764 innumera,
1083 2703 1185 2770 eaque
1204 2685 1351 2747 maxima
1368 2707 1415 2748 ex
1435 2698 1529 2770 parte
1552 2682 1768 2746 astronomiae
1790 2680 2013 2743 conuenientia
2091 2735 2093 2740 ,

177 2935 295 2980 sonum
316 2915 464 2998 vitietur,
487 2928 712 3000 temperare,
735 2912 838 2978 multa
863 2913 966 2978 adbuc
987 2928 1122 2980 exstare
1145 2927 1352 3016 monumenta
1374 2914 1607 3000 Aegyptiorum
1628 2925 1774 2975 veterum
1799 2911 2011 2974 astronomica

176 3030 442 3118 hieroglypbioa;
464 3046 544 3112 turn,
570 3049 728 3115 quaenam
749 3031 826 3110 siut,
850 3049 955 3113 quoue
974 3029 1071 3092 modo
1094 3028 1327 3116 intelligantur,
1351 3033 1530 3094 accuratius
1552 3031 1684 3094 iamiam
1711 3027 1898 3112 disquirere.

1230 3209 1324 3220 —n-—-

1063 3403 1074 3428 .
1111 3349 1151 3434 2.

426 3487 510 3570 De·
527 3487 740 3596 grauitate
768 3343 1121 3573 obseruationbm
1149 3491 1531 3576 astronomicarum
1553 3499 1765 3572 veterum.

261 3651 408 3734 Vereor,
436 3675 477 3718 ue
501 3653 685 3738 paucissimi
705 3656 783 3718 satis
802 3666 1007 3738 perspectum
1027 3653 1185 3737 habeant,
1214 3657 1325 3741 quanti
1345 3659 1498 3722 momenti
1518 3657 1577 3734 sit,
1598 3672 1698 3717 nouat
1714 3653 1748 3713 iu
1770 3663 1928 3714 astrorum
1949 3647 2006 3709 ob-

171 3771 390 3851 seruationes,
412 3771 612 3857 potissimum
629 3771 865 3855 antiquissimas
886 3783 918 3834 et
940 3774 1216 3837 numerosissimas
1236 3769 1388 3839 incidere.
1422 3773 1574 3852 Newtou,
1595 3771 1646 3834 vir
1667 3788 1820 3846 summus,
1841 3783 2003 3848 nunquam

170 3889 253 3951 ratis
274 3885 468 3968 laudandus,
491 3888 582 3951 cuius
602 3887 766 3972 ingenium
788 3887 1030 3973 sagacissimum
1053 3887 1133 3954 nibil
1154 3889 1235 3970 lere,
1257 3890 1341 3976 quotl
1364 3889 1539 3953 adrerum
1559 3884 1787 3950 inuenientium
1809 3881 1913 3946 lacere
1931 3899 2004 3962 pos-

170 4019 231 4084 set,
257 4002 393 4088 effugit3
415 4001 555 4068 Newtou
569 3999 650 4066 haec
672 4003 752 4068 adeo
767 4007 947 4090 perspexit,
972 4019 1008 4069 vt
1031 4018 1132 4071 totam
1146 4002 1396 4092 Chronologiam
1418 4020 1451 4070 et
1474 4003 1644 4068 historiam
1661 4003 1855 4066 astronomia
1876 4017 2004 4079 compo·

169 4141 247 4184 nare
273 4132 311 4184 et
325 4121 485 4206 corrigere
506 4141 602 4206 posse
622 4119 767 4184 erederet
783 4120 848 4204 ²⁴).
890 4119 995 4186 Neruo
1011 4125 1096 4186 enim
1118 4125 1230 4205 nescit,
1253 4145 1347 4209 quam
1367 4121 1555 4210 imperfecta
1574 4133 1606 4183 et
1620 4121 1742 4182 incerta
1763 4118 1804 4178 sit
1825 4134 1889 4176 uon
1910 4113 2003 4174 vuius

169 4235 299 4322 populi,
323 4235 381 4300 setl
403 4238 543 4301 omnium
564 4238 707 4320 gentium
731 4233 939 4322 chronologia
959 4251 991 4301 et
1011 4237 1145 4302 historia
1169 4241 1341 4328 antiquior,
1364 4242 1508 4304 maxime
1527 4235 1758 4323 antiquissima.
1801 4227 2002 4312 Quamquam

172 4363 240 4416 turn
261 4367 411 4432 veteres,
440 4366 507 4416 tum
527 4353 721 4415 recentiores
745 4337 901 4416 summam
931 4374 1062 4437 operam
1086 4355 1118 4418 in
1144 4374 1182 4419 eo
1204 4371 1396 4441 potueruut,
1427 4371 1464 4420 vt
1492 4355 1657 4419 bominum
1677 4343 1948 4410 nobilissimorum
1970 4355 2002 4404 et

172 4467 499 4534 celebratissimorum
525 4480 664 4531 aetatem
691 4465 860 4532 definirent
884 4489 1054 4555 rerumque
1078 4485 1243 4556 gestarum
1263 4473 1401 4558 epochas
1422 4481 1588 4545 eruerunt,
1609 4471 1694 4532 inter
1715 4488 1751 4530 se
1779 4470 2002 4546 compararent

176 4595 272 4666 atque
298 4585 339 4647 ad
368 4605 482 4648 verum
504 4597 629 4669 tempus
649 4599 854 4668 reuocareut3
890 4583 1013 4650 nullum
1035 4600 1141 4650 tamen
1164 4588 1233 4654 fere
1257 4592 1384 4654 exstitit
1411 4583 1639 4670 chronologiae
1660 4583 1878 4665 historiaeque
1900 4597 1998 4660 argu-

175 4711 330 4781 mentum,
352 4700 392 4764 tle
406 4720 468 4784 quo
484 4719 548 4762 nou
566 4699 709 4764 diuersas
727 4703 761 4764 in
781 4716 889 4788 parter
913 4701 1050 4768 abierint
1070 4700 1269 4792 chronologi,
1295 4705 1378 4790 quod
1400 4723 1464 4766 uon
1486 4699 1711 4767 diuersissimis
1728 4693 1925 4783 temporibus
1944 4691 1999 4753 ad-

174 4815 329 4894 scriptum
349 4817 400 4878 sit
443 4813 519 4881 Nou
541 4821 625 4882 enim
646 4820 754 4904 agitur
777 4820 817 4882 de
839 4811 961 4899 diebus,
987 4831 1043 4883 aut
1062 4819 1236 4902 mensibus,
1261 4833 1317 4882 aut
1339 4821 1448 4894 anuis;
1470 4819 1527 4884 sed
1546 4818 1585 4885 tle
1606 4817 1785 4896 decenniis,
1808 4810 1943 4878 saeculis
1966 4821 1998 4871 et
2105 4873 2117 4896 ‚

173 4923 267 4989 mille
296 4931 372 4996 adeo
405 4952 560 4997 annorum
589 4936 711 5022 spatiis.
756 4931 923 5009 Quomodo
947 4953 1026 4996 vero
1054 4935 1190 5000 marone
1216 4947 1363 5000 constare
1382 4951 1508 5022 potest,
1542 4957 1645 5022 quoue
1667 4932 1763 4998 ruodo
1786 4944 1834 4996 tot
1855 4930 1997 5016 gentium

188 5267 197 5316 Ι
240 5179 292 5242 ²⁴)
307 5178 371 5232 Vltl·
387 5181 507 5240 Nomen
526 5185 719 5258 Chronologla
736 5185 900 5240 reformata.
925 5179 1230 5240 anonomaston
1252 5187 1459 5254 demonstrare,
1477 5193 1619 5256 quatenus
1639 5185 1669 5238 id
1685 5184 1835 5238 Newtonio
1854 5193 1995 5238 reomane-

173 5271 221 5328 rt,
238 5279 294 5318 nec
314 5281 359 5320 ue.
1696 5273 1703 5296 ⁹
