4896 6096
922 563 1262 643 ...57-

255 748 315 814 lX.
346 745 618 816 constellationes
646 748 731 816 uliae
760 765 836 818 suut
857 751 1063 834 salutiferae,
1095 754 1178 820 aliae
1201 756 1391 841 pestiferae,
1419 777 1477 822 reu
1507 760 1684 848 malignam
1722 787 1765 830 ax
1788 789 1851 854 quo
1879 768 1937 854 lit,
1966 789 2000 840 vt

168 866 311 952 planetae
334 865 418 930 bene
440 865 525 930 iuter
549 863 750 972 recollocati
763 867 900 954 perdant
923 871 1042 958 aliquid
1066 871 1106 936 de
1124 872 1247 938 malitia
1262 893 1333 956 rus,
1356 887 1558 962 augeantque
1579 876 1765 944 bonitatem.
1789 881 1871 952 Sunt
1894 902 2001 954 autam

434 1011 627 1078 coniunctio
748 1021 777 1090 ό
817 1015 964 1084 benefica
1198 1019 1382 1098 Quadratus
1405 1021 1473 1088 ads.
1523 1027 1561 1106 [l
1611 1027 1776 1094 nraleficus

433 1114 607 1202 oppositis
743 1122 774 1198 8
815 1119 964 1188 malefica
1194 1121 1329 1188 Sextilis
1345 1122 1413 1188 ads.
1522 1127 1555 1194 d·
1611 1126 1774 1194 beneficus

433 1215 600 1303 Trigonus
623 1217 691 1283 ads.
742 1223 776 1288 Δ
818 1221 981 1286 beneficus

240 1363 286 1428 X.
318 1363 391 1429 Non
417 1361 554 1449 sufficit,
586 1345 733 1452 planetes
762 1365 844 1434 alios
866 1391 937 1435 asse
966 1369 1144 1444 beneficos,
1174 1370 1255 1434 alios
1275 1371 1457 1450 mnleficos3
1489 1372 1713 1440 adscribuntur
1738 1381 1834 1445 etiam
1862 1387 1997 1473 singulis

162 1481 336 1569 quibusque
357 1485 747 1567 proprietates„virtutes
771 1497 804 1548 et
826 1485 960 1550 effectus
984 1485 1179 1572 peculiares,
1204 1509 1287 1552 nunc
1307 1491 1340 1553 in
1363 1511 1470 1552 rerum
1494 1503 1625 1574 natura,
1656 1515 1741 1558 nunc
1765 1498 1798 1560 iu
1822 1501 1887 1564 uita
1909 1524 1994 1568 com-

161 1603 262 1681 muni,
291 1619 378 1663 nuuc
394 1601 430 1662 in
461 1599 538 1664 fetis
562 1601 721 1686 semisque
741 1601 906 1684 hurneuit,
922 1602 1157 1686 'facultatibus‚
1188 1609 1326 1692 negotiis
1350 1606 1484 1692 aliisque
1503 1605 1600 1672 rebus
1621 1613 1801 1696 conspicui,
1831 1621 1907 1704 quin
1929 1623 1993 1687 imo

159 1717 197 1780 ed
218 1715 391 1798 animalia,
421 1714 549 1782 arbores
558 1690 573 1799 ,Ι
595 1717 743 1804 plantas,
774 1733 894 1802 terras,
923 1741 1024 1805 saxa,
1054 1719 1186 1785 metelle
1216 1723 1347 1808 eiusque
1374 1726 1503 1809 generis
1523 1723 1588 1788 alia
1615 1726 1684 1790 fere
1705 1731 1872 1798 innumera
1895 1740 1992 1820 perti·

160 1847 293 1906 nentes;
317 1834 357 1898 da
377 1831 489 1920 quibus
508 1835 606 1901 infra.
1561 1921 1564 1932 Ι

248 1949 309 2014 xl.
340 1947 430 2026 Quae
449 1953 539 2040 uires
560 1965 593 2016 et
613 1948 748 2018 effectes
769 1952 904 2040 singulis
922 1953 1062 2040 planetis
1083 1953 1324 2037 adscribuntur,
1354 1955 1465 2020 eadem
1490 1971 1564 2021 sunt
1584 1959 1731 2043 partibus
1753 1961 1833 2028 coeli
1856 1980 1887 2031 et
1911 1981 1991 2033 tem·

160 2071 248 2150 poris
267 2069 392 2154 propria
414 2071 473 2148 iis,
494 2065 613 2156 quibus
632 2067 753 2154 singull
774 2083 929 2155 praesunt
949 2069 1110 2156 planetae.
1154 2070 1219 2153 Sic,
1241 2071 1327 2158 quod
1344 2093 1377 2137 u.
1399 2093 1426 2138 c.
1447 2073 1535 2138 ualet
1563 2079 1585 2156 ἕ
1613 2076 1753 2161 planeta,
1777 2077 1861 2144 idem
1882 2081 1990 2150 ualent

161 2197 193 2246 et
212 2183 343 2268 Dorum
364 2199 398 2250 et
418 2185 591 2268 Decuriee,
615 2200 647 2250 et
667 2185 781 2268 lloria,
806 2202 839 2252 et
858 2187 986 2253 Gradus
1005 2193 1039 2272 ξ,
1064 2201 1097 2252 at
1114 2185 1200 2253 allae
1222 2188 1365 2254 eiusdem
1386 2187 1536 2275 planetae
1556 2195 1786 2278 possessiones.
1823 2195 1928 2274 Quam
1950 2201 1991 2267 ob

159 2321 224 2363 rem
248 2303 356 2365 omnia
376 2306 511 2370 nurnlna
533 2308 759 2378 astronomica,
782 2307 852 2370 siue
875 2305 1146 2392 apotelesmatica,
1169 2305 1209 2369 ad
1235 2319 1357 2393 septam
1379 2305 1457 2372 deos
1473 2306 1613 2393 deasque
1634 2313 1780 2374 reuocari
1800 2332 1934 2398 possunt
1958 2343 1994 2384 ac

159 2416 571 2506 detumuisse-omma
602 2439 624 2508 ζ
652 2425 836 2509 ΗΜ.

239 2537 317 2602 xil.
353 2537 610 2624 Apotelesmete,
633 2543 704 2603 siue
725 2539 854 2604 decuma
878 2551 1050 2622 astrorum,
1068 2550 1143 2604 sunt
1157 2551 1212 2602 eut
1231 2539 1399 2625 simplicia,
1422 2549 1478 2602 aut
1496 2545 1683 2626 composite,
1708 2559 1764 2610 aut
1785 2551 1990 2620 uniuersalis.

157 2650 258 2725 Qum
281 2658 366 2720 enim
387 2655 510 2742 cinguli
532 2655 681 2742 planetae
708 2679 768 2743 per
789 2677 824 2722 aa
852 2677 1009 2743 suamque
1036 2669 1184 2720 naturam
1215 2667 1248 2719 at
1270 2677 1346 2722 suet
1373 2653 1633 2723 constellationes
1664 2659 1782 2746 aliquid
1804 2661 1934 2731 ualeant
1956 2685 1988 2734 et

158 2767 304 2855 efficiant,
327 2794 412 2837 nunc
434 2773 553 2860 singuli
574 2777 685 2863 rogeri
703 2786 849 2862 possunt,
874 2795 959 2838 nunc
984 2772 1104 2859 pluras,
1129 2791 1212 2836 nuuc
1234 2792 1345 2838 omnes
1368 2775 1474 2841 simul.
1516 2776 1664 2840 Perfecta
1687 2789 1795 2840 autam
1821 2782 1986 2868 relicitur,

156 2890 385 2972 praedicitur,
411 2915 492 2956 aare
514 2917 700 2976 catapano,
725 2907 794 2974 att,
818 2913 915 2979 quum
938 2893 1081 2957 ornnium
1101 2891 1268 2953 numinum
1291 2890 1640 2975 apotelesmaticorum,
1673 2906 1705 2956 et
1725 2892 1986 2985 planetariorum,

157 3017 185 3066 et
201 3005 422 3090 codiacelium,
441 3021 475 3072 et
498 3009 720 3094 temporalium
743 3011 872 3074 decreta
892 3018 1121 3074 consumuntur
1143 3016 1175 3068 et
1196 3025 1321 3071 summa
1342 3008 1499 3096 quaedam
1518 3009 1593 3074 iuda
1615 3009 1750 3076 ducitur.

201 3150 206 3158 ·
236 3122 287 3187 Da
305 3125 356 3188 his
376 3127 505 3212 quidem
527 3125 677 3192 crucibus
694 3126 729 3192 id
746 3141 795 3192 eat
816 3127 1043 3214 grauissimum
1061 3120 1217 3208 nubimus
1237 3143 1435 3213 magnopere
1455 3127 1638 3208 tenendum,
1662 3129 1747 3214 quod
1761 3129 1816 3194 Dii
1834 3121 1995 3220 Deaeque*

155 3245 386 3306 astronomicae
412 3243 523 3308 eadem
545 3243 667 3308 habent
687 3243 868 3325 adtributa,
892 3247 962 3310 siue
985 3244 1049 3306 sint
1072 3241 1193 3304 domiai
1212 3240 1433 3327 planetarum,
1456 3248 1526 3310 siue
1550 3245 1742 3310 diuisionem
1764 3247 1985 3328 aodiacadnm,

153 3358 228 3417 eine
249 3370 446 3443 teauporum,
475 3363 542 3425 siue
569 3364 755 3448 regionumt
782 3361 815 3426 id
843 3363 926 3448 qnod
955 3379 1036 3446 opus
1058 3369 1107 3422 est
1138 3357 1245 3443 paullo
1274 3364 1455 3427 accuratius
1477 3361 1651 3428 illustrare.
1694 3365 1856 3451 Exemplo
1876 3370 1916 3432 sit
1938 3369 1985 3436 od.

155 3469 304 3536 'l'raduut
323 3487 428 3539 autem
447 3487 569 3544 ueteres
594 3479 634 3544 de
656 3479 692 3546 cd
711 3479 841 3566 planete
863 3482 994 3564 eiusque
1015 3473 1191 3552 Domibuu,
1211 3475 1378 3563 Decuriis,
1401 3479 1529 3562 Horiis,
1554 3478 1733 3562 Gradibus,
1757 3481 1983 3567 Temporibus,

156 3566 365 3676 Regionibus,
388 3611 676 3682 praesequantur.

240 3707 581 3796 claustrensium,
612 3715 802 3796 iracundus,
828 3713 1020 3792 uehemens,
1051 3713 1141 3774 caina
1162 3711 1356 3800 significatio
1380 3726 1430 3777 ast
1450 3734 1577 3800 pugna,
1603 3712 1736 3791 caedes,
1764 3710 1976 3796 latrocinium,

149 3824 321 3890 uiolentam
346 3850 502 3914 reguum,
525 3832 682 3914 incestus,
708 3843 843 3898 cruenta
866 3828 1081 3916 quaeque²⁶).

13 4019 14 4031 χ
229 3943 354 4012 Domus
375 3949 402 4022 ἃ
425 3949 458 4009 ἱιι
482 3961 521 4019 γ
549 3950 589 4014 ad
613 3953 723 4038 ignem
745 3949 1000 4035 cholericamqua
1031 3961 1180 4017 asturam
1211 3943 1392 4022 declinans,
1423 3946 1589 4013 indomita.
1641 3949 1798 4016 Homines
1828 3948 1867 4011 ed
1891 3970 1981 4012 arma

14 4037 15 4110 Ῐ
150 4065 263 4142 parati,
289 4062 438 4144 clamosi,
467 4069 676 4149 contentiosi,
700 4068 820 4148 fortas,
845 4069 990 4131 umorem
1013 4067 1225 4144 incutientes,
1248 4062 1348 4126 fures.

227 4177 354 4243 Daunus
375 4182 402 4256 ὃ
424 4183 456 4244 in
489 4192 538 4262 nl.
583 4183 742 4250 Homines
765 4183 959 4264 militantes,
988 4179 1144 4260 audaces,
1174 4179 1292 4259 fortes,
1322 4179 1507 4246 incestuosi.
1550 4181 1765 4245 Patrocinium
1795 4179 1978 4244 animalium

153 4297 383 4364 mortiferorum
402 4299 467 4384 ²¹).

226 4411 440 4496 nemaeus
472 4419 583 4482 uanae
607 4418 753 4482 efficiunt
780 4417 969 4496 iracundos,
998 4418 1218 4502 impetuosos,
1251 4413 1394 4496 feroces,
1428 4407 1584 4492 audaces,
1615 4431 1749 4491 nauus,
1780 4417 1978 4496 temerarius,

151 4528 259 4610 impios
276 4534 336 4612 ²⁸).

230 4645 327 4714 Horis
347 4653 385 4732 3,
409 4649 463 4714 vel
485 4649 580 4727 fines,
606 4653 744 4732 termini,
772 4649 832 4714 hoc
855 4646 976 4713 habeut
997 4651 1185 4734 proprium,
1208 4647 1292 4733 quod
1315 4646 1436 4710 faciunt
1458 4643 1575 4723 fortes,
1599 4647 1805 4728 temerarios,
1832 4670 1975 4734 rapaces,

17 4817 19 4850 3
145 4761 302 4844 crudeles,
323 4769 520 4854 impics²⁹J.

20 5026 25 5043 .
209 4977 257 5043 2⁶)
275 4981 413 5036 Firnicus
428 4981 510 5036 1..11.
528 4999 551 5034 c.
565 4984 596 5036 ill
616 4997 642 5048 p.
654 4982 687 5034 22
724 4977 843 5032 l’roudus
863 4977 924 5034 ul.
944 4983 1002 5033 ci.
1025 4981 1100 5047 pis.
1139 4974 1322 5030 l'tnieuuetus
1342 4975 1525 5044 Quadripert.
1554 4969 1975 5039 u.11.o.s.p.tu.ttsnmo.

21 5086 25 5097 ·
142 5069 261 5120 detrun.
281 5063 365 5120 lslv.
382 5069 461 5120 cit.
483 5067 596 5120 Firmis.
618 5065 711 5123 mitt.
730 5064 790 5118 cd.
810 5079 835 5132 p.
846 5058 889 5116 tt.
910 5065 969 5118 1115.
989 5063 1047 5116 118.
1065 5061 1181 5128 aliique.
1265 5093 1270 5100 -

206 5151 257 5214 27)
271 5151 409 5206 Firruicur
431 5151 512 5206 L.ll.
532 5169 558 5206 c.
567 5155 610 5207 12.
630 5152 707 5218 p.25.
727 5151 768 5202 26.
791 5151 823 5204 L.
833 5149 865 5205 V.
884 5167 907 5204 c.
918 5149 943 5202 t.
962 5149 1056 5218 pist.
1080 5145 1136 5198 tat.
1167 5141 1349 5198 Ptolomaeus
1371 5145 1557 5214 Quadripert.
1577 5159 1602 5212 p.
1613 5141 1639 5194 ⁶.
1656 5141 1699 5194 31.
1719 5139 1761 5191 31.
1781 5139 1820 5192 al.

205 5239 255 5303 28)
272 5239 412 5296 Fittalcus
431 5237 506 5294 Μ.
530 5253 553 5292 ο.
564 5239 606 5292 12.
625 5253 651 5308 p.
663 5237 720 5290 111.
749 5236 870 5290 Ptolem.
891 5233 999 5300 Quadr.
1017 5250 1044 5305 p.
1053 5231 1079 5286 6.
1096 5233 1140 5288 tc.
1160 5229 1203 5282 31.
1223 5229 1260 5280 sl.

204 5323 252 5388 ts)
274 5321 457 5380 Ptolemaeus
476 5323 610 5392 Quadrip.
629 5334 646 5390 p
665 5321 906 5378 ta.airm.1,.v.
928 5322 988 5374 ci.
1008 5321 1061 5372 sub
1082 5320 1123 5384 d,
1142 5331 1203 5390 pag.
1216 5316 1273 5366 122.
1530 5393 1562 5458 H

25 5556 46 6054 ἱ
