4896 6096
1215 509 1659 592 ..98-'1

470 713 584 780 Iouem
604 710 793 776 Ammonem
813 702 937 770 Thebis
958 699 1216 778 cultumiuisse,
1247 721 1329 787 queo
1350 713 1400 768 est
1422 703 1537 768 domus
1558 709 1591 784 2t
1610 700 1787 781 terrestris,
1809 699 1880 764 siue
1900 699 2028 783 signum
2049 702 2078 774 χ
2099 709 2139 768 Υ
2167 714 2307 782 geogra-

465 831 599 924 phicum
619 823 735 908 (Supra
752 824 779 898 θ.
791 823 835 903 6).
878 817 952 884 Huc
971 831 1096 904 spectet
1115 818 1244 903 lectum,
1267 837 1330 906 quo
1353 817 1559 884 simulacrum
1581 815 1731 882 Herculis
1753 818 1820 898 (Θ)
1841 834 1900 901 per
1922 812 2057 878 fluuium
2081 815 2306 880 transmissum

470 957 545 1033 post
567 947 606 1005 12
629 939 708 1019 dies,
730 936 831 1002 veluti
848 957 985 1020 menses,
1008 936 1049 999 ed
1069 934 1222 1022 templum
1244 935 1333 1000 Iouis
1354 933 1548 1001 Thebanum
1565 932 1788 1015 reducebatur,
1809 929 2049 998 vtEuetethius
2067 927 2120 1014 (Il.
2132 953 2164 994 u.
2176 931 2306 1016 prus),

470 1059 634 1126 Diodorus
658 1053 786 1120 Siculus
807 1053 868 1141 (II.
888 1057 958 1137 88.)
980 1051 1099 1139 aliique
1121 1053 1261 1119 tradunt.
1304 1054 1450 1119 Eandem
1470 1053 1512 1119 ob
1535 1071 1667 1118 eausam
1688 1051 1831 1138 Aegypti
1850 1049 2014 1115 inferioris
2035 1047 2204 1132 prouincia
2216 1043 2305 1132 apel-

470 1175 556 1241 letur
577 1173 833 1254 Pechnumunis,
862 1190 945 1258 qnae
965 1169 1139 1254 respondet
1170 1173 1264 1258 signo
1284 1179 1331 1254 ff,
1360 1171 1468 1237 domui
1489 1179 1524 1255 η
1547 1168 1716 1235 secundae.
1764 1168 1851 1236 Hinc
1871 1169 1967 1231 etiem
1989 1163 2095 1230 Amon
2118 1160 2224 1228 cultus
2243 1162 2305 1226 luit

469 1297 503 1359 in
524 1292 604 1358 locis
634 1305 667 1356 et
689 1291 880 1380 prouinciis,
910 1308 994 1374 qnae
1013 1284 1163 1352 Decuriir
1193 1301 1226 1352 et
1257 1288 1426 1374 Horiis2t
1454 1287 1659 1375 respondent.
1708 1285 1761 1351 Sic
1790 1286 2016 1371 inscriptiones
2045 1278 2191 1344 Graecae
2219 1277 2304 1365 apud

468 1411 634 1478 Letronne
655 1407 869 1490 (Becherohes
889 1407 1002 1488 petit.
1018 1404 1102 1485 4⁵³).
1120 1404 1254 1488 docent,
1278 1395 1390 1471 Iouem
1416 1406 1608 1472 Ammonem
1628 1401 1748 1470 mltum
1770 1403 1871 1468 luisse
1897 1396 2058 1467 ininsula
2079 1393 2308 1481 Elephantine,
2437 1397 2438 1404 ’

472 1541 506 1593 et
526 1525 691 1613 Latopoli‚
715 1524 828 1614 quihus
849 1527 882 1588 in
906 1520 986 1586 locis
1006 1519 1167 1586 habentur
1188 1522 1331 1588 Decurie
1350 1531 1385 1606 ΖΙ.
1407 1525 1442 1588 ἰιι
1470 1529 1499 1602 Χ
1527 1535 1561 1587 et
1582 1520 1763 1607 Trigonum
1788 1527 1824 1601 ²l·
1846 1521 1880 1584 in
1902 1536 1958 1586 stt·
1999 1514 2124 1585 Notum
2148 1513 2232 1578 enlm
2253 1526 2305 1575 est

469 1643 567 1710 Illud:
594 1649 666 1708 teos
688 1667 815 1707 cossoos
835 1643 1080 1726 inscriptionum
1093 1638 1375 1723 Aegyptiacorum,
1399 1661 1462 1726 quc
1485 1637 1709 1726 significantur
1722 1640 1853 1703 numina
1874 1636 1988 1701 eedem
2010 1637 2045 1698 in
2066 1633 2207 1718 regium,
2230 1624 2303 1692 vel·

469 1762 518 1824 uti
543 1757 655 1824 sedem
676 1760 710 1822 in
731 1757 865 1820 Zodieoi
885 1771 998 1841 perte,
1025 1755 1195 1818 coniuncte
1216 1766 1249 1817 et
1267 1757 1461 1820 coniunctim
1481 1755 1579 1838 culte,
1601 1769 1638 1820 vt
1658 1755 1806 1818 dominus
1827 1753 1930 1840 Signi,
1951 1749 2101 1837 Trigoni,
2114 1745 2300 1832 Tetrogoni.

469 1869 620 1962 Denique
636 1873 744 1939 Amuu
758 1884 807 1935 est
823 1879 859 1948 Θ
875 1874 909 1938 in
923 1874 1023 1937 varis
1036 1878 1069 1952 η
1084 1868 1231 1957 pertibus
1253 1883 1287 1934 et
1298 1870 1567 1957 possessionibus.
1611 1871 1663 1936 Sic
1676 1869 1861 1936 Macrobius
1875 1870 2016 1957 (Sutura.
2031 1864 2110 1931 L.I.
2122 1859 2302 1946 cXVlll.)

470 1992 586 2075 tradit,
616 1987 726 2056 Solem
752 1990 787 2051 in
813 1990 915 2075 signis
938 1991 1047 2056 venie
1067 1989 1130 2053 diei
1157 1985 1268 2052 Iouem
1289 1987 1483 2055 Ammonem
1505 1990 1584 2070 (Aeo
1605 1987 1634 2052 δ’
1655 1988 1760 2072 elopoc
1781 1967 1978 2071 ἂρχὸμενοιο)
1998 1983 2085 2068 apud
2108 1975 2300 2068 Aeg'yptiot,

470 2099 596 2177 aestate
622 2125 702 2171 vero
728 2102 837 2169 Solem
862 2108 979 2193 ipsum.
1021 2107 1111 2192 Ergo
1137 2105 1172 2176 Θ
1194 2107 1236 2170 iis
1255 2103 1387 2170 Zodiaci
1413 2109 1447 2174 iu
1469 2104 1614 2192 partibor
1634 2125 1787 2187 verrens,
1816 2124 1898 2190 ques
1926 2109 1962 2180 22.
1984 2101 2148 2165 dominum
2168 2094 2300 2174 hahent,

469 2247 586 2292 nomen
606 2231 635 2307 ΖΡ
655 2220 775 2288 Amuni
796 2226 940 2289 assumit.
983 2221 1066 2288 Item
1088 2220 1252 2287 Diodorus
1274 2220 1333 2308 (Il.
1347 2225 1412 2307 88.)
1433 2222 1541 2288 Solem
1566 2225 1602 2287 in
1623 2224 1716 2308 siguo
1737 2230 1789 2304 2t,
1812 2223 1882 2286 siue
1902 2223 1936 2285 in
1958 2225 1988 2298 Χ
2007 2229 2193 2284 venantem
2214 2226 2249 2278 et
2268 2214 2301 2276 iu

467 2355 509 2417 γ
529 2339 763 2427 ingredientem
783 2351 878 2404 vocat
894 2338 1017 2422 Iouem,
1040 2343 1130 2405 cuius
1147 2337 1302 2424 templum
1318 2338 1511 2406 Thebanum
1524 2339 1715 2406 Eustethins
1736 2337 1791 2421 (Il.
1806 2335 1837 2404 ἃ.
1851 2359 1884 2425 Ρ.
1901 2336 1990 2424 128.)
2010 2335 2185 2423 praedicet.
2216 2329 2302 2396 Hinc

467 2457 700 2538 Memnonium,
723 2455 826 2522 altere
847 2455 1037 2522 Thebarum
1057 2479 1145 2544 pars,
1171 2456 1335 2547 significet
1356 2457 1572 2536 domicilium,
1594 2478 1651 2522 seu
1673 2457 1910 2542 possessiouem
1929 2458 2021 2555 (MA)
2041 2452 2186 2520 Amouis·
2227 2445 2300 2512 Huc

466 2591 602 2664 spectat,
623 2573 709 2661 quod
722 2572 882 2638 Eusebius
895 2577 930 2638 in
941 2569 1194 2660 Praeparatioue
1209 2574 1409 2664 Euangeliou
1426 2574 1578 2662 (illue.)
1598 2586 1721 2655 narrat,
1741 2581 1844 2658 caput
1863 2578 1981 2638 aristis
1999 2571 2195 2655 ss‘gss'fiem
2212 2566 2300 2633 Solis

469 2701 505 2757 ct
525 2691 644 2756 Lucus
664 2695 700 2753 s’s
723 2703 763 2762 Υ
789 2695 883 2775 Quo
903 2697 1177 2775 congressiones,
1201 2714 1264 2779 quo
1285 2695 1441 2774 innuitur,
1467 2693 1503 2764 Θ
1520 2705 1552 2756 et
1572 2697 1599 2772 2
1619 2711 1783 2755 assumere
1804 2711 1914 2755 eorum
1935 2688 2138 2776 planetarum
2159 2688 2299 2760 nomina,

467 2813 502 2875 in
527 2827 663 2895 quorum
688 2808 791 2893 siguis
814 2821 996 2873 versentur.
1040 2806 1168 2874 Clarius
1195 2808 1276 2875 haec
1298 2809 1469 2876 sentcntiu'
1487 2805 1618 2882 docetur
1640 2829 1660 2871 e
1679 2805 1795 2872 Proolo
1823 2802 2222 2894 (Plet.'t'im.1.p.ea.),
2247 2803 2296 2867 di·

470 2936 573 3003 cente,
600 2918 709 2983 Soleus
730 2927 766 2983 s's
788 2924 929 3005 singulte
945 2923 1089 2989 Zods’ucs'
1106 2931 1212 3008 signis
1230 2928 1333 2991 olens
1355 2927 1520 3009 eliamque
1532 2923 1679 3001 sorssors
1700 2923 1847 2990 indum.
1879 2920 1975 3000 Quod
1995 2925 2108 2988 attinet
2126 2906 2301 2988 simulacre

469 3038 606 3105 Amunis
629 3038 762 3122 eiusque
783 3038 934 3122 insignio,
957 3037 1118 3104 Eusebius
1139 3039 1187 3116 (P.
1203 3042 1241 3106 E.
1255 3041 1318 3106 Ill.
1334 3037 1411 3124 12),
1434 3036 1661 3122 Ss'ssslucrsss,
1683 3042 1799 3127 inquit,
1814 3061 1903 3126 proc
1927 3059 1963 3104 sc
1979 3038 2064 3117 fert
2083 3043 2220 3124 speciest
2232 3040 2303 3101 os'rs‘

468 3152 615 3221 sedentis
635 3159 670 3214 ct
689 3151 802 3214 colore
820 3155 974 3219 caeruleo
993 3151 1117 3235 induti,
1139 3152 1199 3218 sed
1212 3159 1268 3218 css·
1279 3161 1379 3238 ceput
1393 3159 1575 3239 inpositum
1594 3167 1647 3223 est
1659 3163 1786 3222 arietis.
1830 3156 1920 3224 Loco
1942 3156 2140 3222 diudcssots's
2159 3151 2297 3238 regulis,

333 3253 339 3260 ’
468 3275 562 3354 gerit
585 3285 710 3330 cornua
740 3265 843 3350 teres,
878 3289 963 3356 pune
992 3270 1148 3336 cecatus
1171 3270 1261 3336 ds'sco
1287 3268 1421 3332 mhss‘lsn
1448 3274 1623 3335 sustineat.
1665 3269 1791 3336 Ibidem
1805 3273 1966 3341 Eusebius
1985 3273 2139 3340 Ammoni
2158 3269 2297 3337 colorem

469 3386 567 3450 etiem
588 3381 770 3478 caeruleum
790 3383 955 3468 adscribit,
978 3407 1077 3474 quum
1098 3387 1206 3453 addit:
1225 3386 1393 3452 caeruleus
1410 3407 1489 3451 vero
1509 3385 1609 3468 color,
1628 3384 1725 3452 lunae
1745 3390 1812 3453 vim
1832 3390 1874 3452 ed
1887 3389 2048 3476 cogendas
2071 3400 2105 3454 et
2125 3386 2297 3453 eliciendas

345 3533 347 3538 v
469 3497 569 3588 eques
591 3515 823 3588 repraesentet.
858 3502 967 3567 Etiam
981 3501 1165 3571 Macrobius
1185 3503 1268 3591 (Sat.
1284 3503 1311 3570 L
1327 3502 1393 3584 18.)
1412 3501 1571 3590 duplicem
1588 3501 1739 3569 Ammoni
1755 3503 1895 3572 colorem
1917 3505 2039 3572 tribuit.
2064 3504 2160 3587 Solis,
2184 3507 2296 3592 inquit.

466 3615 640 3683 simulacra
662 3619 795 3704 pinnata
815 3619 954 3708 fingunt,
979 3620 1095 3708 quibus
1124 3621 1212 3688 color
1234 3620 1319 3709 apud
1342 3619 1417 3686 illos
1439 3640 1504 3684 non
1529 3631 1578 3686 est
1596 3642 1691 3687 unus.
1735 3621 1883 3689 Alterum
1903 3626 1988 3688 enim
2006 3619 2156 3688 caerulea
2177 3623 2294 3709 specie,

465 3733 603 3802 atterum
623 3732 711 3800 clare
729 3734 870 3824 fingunt.
913 3737 1004 3804 Idem
1022 3739 1117 3804 docet
1135 3737 1256 3821 tande,
1280 3759 1344 3825 que
1363 3735 1552 3825 perhibetur
1566 3737 1708 3824 Iupiter,
1732 3742 1802 3806 siue
1827 3748 1875 3822 ΖΡ,
1897 3754 1995 3828 ceput
2015 3755 2048 3806 et
2070 3739 2190 3828 pellem
2214 3743 2295 3806 arie·

465 3853 565 3916 tinem
591 3851 752 3935 induisse,
782 3868 819 3919 vt
844 3855 994 3922 vidimus.
1037 3853 1100 3922 His
1129 3857 1332 3922 consentiunt
1354 3854 1540 3920 Herodotus
1568 3855 1625 3936 (ll.
1642 3855 1723 3942 te),
1745 3857 1878 3924 Seruius
1900 3856 2009 3945 (Virg.
2026 3856 2110 3923 Aen.
2123 3857 2294 3950 lutet.)

465 3965 594 4054 aliique.
624 3968 788 4035 Lucienus
809 3971 886 4059 (Op.
901 3971 945 4039 Il.
960 3995 993 4060 p.
1008 3973 1111 4060 358),
1128 3983 1227 4060 puto,
1249 3975 1364 4060 inquit,
1385 3971 1499 4048 Ioesss
1524 3976 1784 4064 oriets'eooults
1799 3973 1997 4062 preeds'tsss.
2034 3973 2186 4040 Ceterum
2206 3994 2295 4039 com·

461 4097 660 4150 memoretur
682 4084 774 4152 Deus
795 4085 960 4172 Ἅμενηβις
986 4095 1064 4166 icoc
1087 4113 1230 4176 peyrusse
1257 4093 1290 4157 in
1321 4088 1452 4154 Oesena
1481 4090 1688 4177 inscriptione
1710 4092 1897 4174 (Latronne
1913 4091 2013 4158 lbccb.
2034 4113 2067 4180 p.
2082 4092 2199 4176 2³8.),
2227 4096 2294 4179 qui,

463 4221 560 4288 quum
580 4199 673 4267 Deus
693 4207 857 4270 maximus
878 4219 1021 4300 vocetur,
1041 4206 1130 4274 hund
1149 4205 1245 4274 dubie
1263 4228 1328 4273 non
1351 4206 1460 4272 differt
1479 4203 1521 4271 ab
1542 4205 1725 4297 Amenophi
1745 4213 1815 4276 siue
1837 4210 2007 4278 Ammone.

544 4316 699 4385 Antaeus
719 4318 881 4407 significet
905 4320 948 4408 i).
977 4322 1123 4390 Antaeus
1144 4327 1230 4390 enim
1251 4328 1346 4412 gigas
1364 4323 1405 4390 ab
1427 4323 1570 4390 Hercule
1591 4340 1762 4414 superatus
1781 4328 1913 4412 dicitur,
1931 4301 1973 4393 'vt
1993 4325 2131 4414 Typhon
2150 4324 2191 4390 eb
2214 4323 2296 4390 Ori-

458 4433 529 4499 ride
547 4434 715 4515 (Plutarch
734 4437 769 4500 iu
790 4435 911 4503 Sertor.
928 4461 962 4524 p.
975 4443 1075 4523 672).
1110 4442 1217 4507 Etiam
1237 4439 1376 4529 Typhon
1396 4445 1466 4529 ipse
1488 4442 1605 4507 dicitnr
1624 4446 1729 4531 giges,
1751 4448 1820 4512 siue
1833 4444 1993 4533 Apophis,
2015 4437 2147 4539 Δῴωῴι
2188 4439 2295 4508 Teste

458 4546 548 4614 Mela
570 4551 740 4638 (nunu),
762 4551 907 4620 Antaeus
922 4553 1137 4623 Mauritaniae
1157 4561 1317 4665 princeps,
1338 4571 1421 4624 teste
1434 4557 1589 4654 Diodoro
1602 4560 1642 4647 (1.
1650 4585 1683 4648 p.
1692 4568 1775 4652 25),
1791 4563 1919 4651 Libyae
1934 4577 1966 4628 et
1981 4561 2176 4649 Aethiopica
2196 4581 2294 4647 prae·
2437 4629 2438 4638 ,

457 4664 562 4729 iectus
583 4667 655 4732 fuit.
697 4667 844 4757 Vtraque
862 4675 896 4736 iu
919 4675 1051 4760 regione
1071 4674 1251 4762 Typhonis,
1273 4697 1331 4743 seu
1357 4677 1400 4764 i),
1423 4675 1583 4741 domicilio
1601 4693 1676 4746 sunt
1697 4702 1742 4751 css
1765 4698 1799 4750 et
1820 4692 1870 4767 z.
1900 4680 2028 4747 Antaeo
2049 4682 2170 4767 pariter
2192 4689 2291 4764 etque

457 4779 610 4870 Typhoui
638 4781 663 4868 i>
696 4785 880 4870 crocodylus
902 4808 992 4854 secer
1016 4805 1085 4858 eret
1110 4792 1291 4880 (Plutarch.
1313 4793 1354 4859 de
1375 4793 1486 4860 solert.
1511 4817 1563 4862 au.
1585 4802 1659 4864 976.
1668 4805 1690 4882 ).
1732 4799 1805 4866 Hoc
1835 4823 1856 4865 e
1883 4800 1943 4864 deo
1964 4800 2134 4884 prouincia
2156 4809 2190 4860 et
2211 4794 2292 4862 vrbs

456 4915 528 4961 eum
550 4900 670 4989 templo
687 4901 808 4967 Antaei
828 4903 914 4969 dicte
934 4927 1050 4974 nomen
1065 4907 1200 4994 Ἄντιον,
1224 4930 1367 5010 sum
1387 4928 1588 5001 acceperunt,
1613 4939 1696 5006 quae
1717 4918 1846 5008 quidem
1869 4919 1915 4983 ita
1936 4919 2019 5002 sites
2039 4925 2132 4996 suut,
2155 4926 2193 4978 vt
2217 4911 2291 4978 De·

454 5017 563 5081 curiae
589 5019 614 5103 A
641 5021 676 5083 in
700 5026 751 5102 ξ’,
774 5023 845 5086 siue
863 5043 949 5089 nouo
970 5024 1202 5114 Aegyptiorum
1222 5051 1318 5095 nomo
1338 5025 1562 5118 respondeant.
2005 5033 2015 5052 ⁸

538 5131 667 5198 Aeetes
687 5157 706 5200 e
729 5136 893 5204 veteribus
915 5142 999 5207 inter
1019 5147 1182 5212 maxImos
1205 5131 1440 5235 Aegyptiorum
1462 5151 1540 5216 deos
1561 5153 1748 5218 numeratur
1771 5151 1920 5234 (Ludeu.
1938 5151 2002 5238 Op.
2017 5150 2045 5216 l.
2067 5171 2101 5237 Ρ.
2117 5151 2192 5216 372.
2217 5147 2289 5213 Sul·

454 5245 551 5318 Ouid.
568 5249 679 5320 Amor.
694 5251 738 5319 11.
753 5251 804 5374 El.
823 5257 899 5341 tu),
922 5261 998 5344 quin
1020 5260 1160 5329 osiridis
1183 5263 1250 5351 (Θ)
1270 5263 1368 5348 filius,
1389 5278 1427 5332 rt
1446 5266 1562 5355 reliqui
1576 5267 1698 5352 Gabiri,
1721 5267 1836 5335 dieitur
1856 5268 2007 5354 (Diodor.
2021 5290 2054 5354 p.
2073 5263 2152 5352 tuh
2196 5265 2292 5352 Ergo
