4904 6100
902 537 1273 619 -ΙΙΙΙ-

158 739 214 815 λ),
231 732 327 800 carde
340 743 371 796 et
391 721 483 832 ψ)-
494 743 653 812 psgssre
664 723 887 792 desinendum.
916 725 1045 813 Respse
1061 730 1157 796 Artes
1170 731 1306 818 (Αρτης)
1323 735 1360 807 d
1375 729 1525 816 plenetse
1541 745 1591 797 est
1609 752 1727 800 nomen
1742 734 1783 820 (Ι.
1794 737 1825 815 θ.
1835 743 1867 800 t.
1877 757 1909 822 p.
1921 739 1994 819 tn).

160 855 321 920 Puerum
341 841 568 930 Horepollu(
553 840 676 943 (lbi.)
701 842 810 924 uadit,
833 843 1000 912 lormiossu
1023 844 1209 934 siguificare
1231 851 1481 936 cognitionem(
1483 852 1622 934 γνωσιν).
1660 851 1796 938 Sapiens
1817 875 1900 919 vero
1919 875 1995 940 cog·

159 973 233 1036 nitio
252 963 391 1034 Neitbse
415 975 451 1028 ot
475 933 657 1036 blinesuu,
679 959 858 1045 grippes,
879 965 1025 1026 msxiurs
1045 966 1175 1048 proprio
1198 979 1258 1030 est.

233 1082 398 1162 mma,
445 1097 584 1160 conpos,
617 1097 740 1158 omos,
767 1073 913 1181 nqbsslu
935 1079 1062 1165 (ceptor
1083 1088 1294 1164 muscarum),
1317 1101 1499 1186 xapogttt
1521 1084 1567 1168 (et
1589 1083 1798 1170 crocodilus),
1828 1101 1993 1180 Ληθογο

161 1208 367 1287 (χώρης,
388 1194 588 1282 pulensus),
614 1197 637 1278 ξ
661 1191 852 1278 symbolum.
896 1195 1033 1281 Propter
1055 1197 1253 1264 celeritatem
1271 1202 1406 1286 eiusque
1431 1201 1712 1283 consuetudinem,
1736 1202 1815 1268 solis
1836 1206 1869 1267 in
1892 1203 1992 1268 radiis

161 1318 312 1400 pmii,
333 1337 412 1383 nne
439 1311 500 1378 buc
522 1309 643 1376 nnimsl
670 1311 692 1380 i!
722 1313 883 1378 moenis
926 1311 1000 1378 lluo
1020 1329 1166 1400 spectsre
1184 1317 1312 1382 videtur
1330 1315 1551 1401 llorspolliuis
1576 1323 1724 1406 oenigma
1746 1319 1805 1402 (ΙΙ.
1820 1321 1900 1406 62),
1926 1343 1989 1407 quo

163 1436 316 1502 bominem
336 1428 592 1498 oombnsenddm
604 1443 770 1516 comperet
790 1451 863 1494 cum
884 1425 1090 1500 salamandra
1107 1435 1189 1498 lorte
1208 1447 1340 1521 propter
1362 1433 1479 1500 coloris
1505 1455 1658 1514 umorem,
1681 1439 1774 1522 eique
1797 1438 1861 1503 duo
1884 1440 1990 1525 cupito

165 1553 278 1616 tribuit.
319 1549 462 1616 Duobus
487 1545 644 1634 capitibus
674 1559 708 1612 et
730 1544 876 1614 faciebus
903 1544 1088 1633 fingebstur
1119 1549 1140 1619 ll
1179 1572 1262 1616 nunc
1287 1553 1491 1636 vespertinus
1520 1573 1604 1618 nunc
1632 1557 1827 1637 matutinus,
1850 1554 1988 1635 Anubis,

164 1669 269 1736 lmus.
313 1667 467 1732 Ceterum
488 1667 522 1732 in
541 1665 658 1730 ΙΙΙΙΙΙΙΙ
682 1663 844 1752 Apollinis
870 1665 935 1751 (t)
955 1683 1084 1731 veteres
1105 1665 1259 1732 lacertum
1282 1667 1497 1750 effinxerunt,
1526 1685 1561 1736 vt
1583 1670 1723 1758 equilum
1746 1673 1841 1736 iuxtn
1864 1670 1989 1736 Jonoru.

247 1785 370 1864 Mau,
390 1788 486 1865 μεΐσι,
507 1801 640 1868 serpens
666 1785 691 1852 3
721 1795 755 1848 et
775 1789 799 1870 ῼ
823 1805 933 1863 ssoer,
957 1783 997 1848 de
1019 1805 1085 1870 quo
1109 1786 1347 1870 supradictum
1368 1789 1402 1852 in
1422 1787 1557 1853 articulo
1579 1787 1687 1873 Aspis.

251 1900 367 1981 ΙΙΙΙΙΙ,
394 1905 569 1982 desumo,
592 1917 751 2004 χρογρ,
771 1911 806 1985 2),
826 1899 1018 1986 symbolum.
1063 1901 1116 1966 lle
1136 1923 1217 1968 rsus
1235 1901 1388 1980 arbores,
1403 1907 1451 1968 vti
1474 1917 1613 1985 constet,
1635 1918 1762 1970 veteres
1786 1905 1904 1968 diserte
1923 1914 1987 1967 ue·

167 2020 267 2097 dunt,
292 2039 357 2084 enus
376 2018 445 2084 loni
464 2037 535 2082 esse
555 2031 692 2084 mern.
734 2018 808 2084 lluc
828 2031 954 2106 spectet
975 2016 1183 2104 prouerbium
1204 2019 1511 2105 opud-Petronium:
1538 2028 1597 2107 qus·
1611 2020 1691 2098 fuit
1720 2039 1806 2084 rcus
1828 2037 1917 2084 usse
1939 2029 1991 2082 eet

168 2155 246 2202 ren.
285 2134 362 2202 Nun
381 2134 470 2202 louis
490 2136 547 2221 (4)
568 2146 619 2198 est
638 2137 793 2221 regimen.
835 2135 963 2202 Deinde
987 2147 1112 2200 constet
1140 2157 1160 2198 e
1188 2135 1298 2202 lebule
1325 2136 1366 2201 de
1392 2137 1538 2220 Letous,
1563 2159 1658 2204 reuss
1686 2136 1804 2204 eloue
1832 2137 1988 2224 originem

169 2252 296 2320 bebere.
317 2252 434 2320 Notum
450 2265 511 2329 est,
527 2251 618 2318 Deos
639 2265 823 2320 oomtsnter
834 2253 904 2318 lero
926 2273 966 2318 es
981 2252 1133 2320 animulis
1154 2267 1252 2341 otgus
1270 2245 1466 2342 vegetsbilis
1482 2277 1681 2341 procreasse,
1703 2277 1787 2342 quse
1800 2257 1878 2340 ipsis
1898 2274 1989 2320 soors

168 2370 364 2458 putabuntur·
405 2371 480 2436 Huc
500 2369 578 2434 lucit
596 2369 709 2438 l'sbuls
729 2370 769 2435 do
789 2347 939 2436 renerum
962 2365 1169 2458 generatione
1189 2375 1224 2438 in
1245 2393 1331 2453 sere,
1353 2393 1436 2458 quse
1457 2370 1556 2454 louis,
1583 2376 1673 2455 Διος,
1697 2385 1748 2437 est
1766 2372 1851 2452 (Ael.
1873 2370 1988 2438 xvii.

164 2494 220 2556 41.
236 2489 364 2556 lliodor.
377 2488 412 2554 S.
427 2487 469 2553 1..
484 2485 580 2570 ΙΙΙ.);
602 2486 666 2554 buc
685 2487 836 2554 ndtcotic
857 2487 1040 2573 pluuisrum
1056 2487 1144 2554 louis
1164 2511 1224 2576 per
1242 2511 1339 2556 reuss
1359 2489 1620 2576 (Asl.1x.to.).
1656 2489 1747 2574 Idem
1766 2487 1858 2554 docet
1875 2488 1989 2555 fnbnls

164 2607 248 2693 spnd
266 2605 432 2674 Aelisunm
459 2602 536 2688 (ΙΙΙ.
561 2607 649 2689 az),
682 2625 746 2693 quo
774 2605 865 2672 louis
893 2608 1085 2672 auctoritate
1107 2628 1206 2672 ronne
1231 2609 1265 2672 in
1293 2605 1430 2694 Seripho
1459 2629 1571 2672 vocem
1602 2610 1787 2673 emiserunt.
1840 2607 1993 2690 nonique,

163 2723 310 2790 Aelianus
328 2721 407 2807 (lx.
429 2723 500 2805 24.)
521 2741 619 2786 reuss
639 2721 717 2788 lecit
732 2725 935 2808 piscatrices.
973 2723 1142 2790 Piscstnrs
1162 2747 1241 2790 uero
1262 2723 1381 2790 diserte
1402 2731 1431 2807 ²l
1451 2723 1602 2808 planetae
1622 2719 1812 2787 adscribitur
1834 2719 1875 2801 (Ι.
1895 2719 1925 2794 Ι.
1933 2723 1987 2782 48.

162 2847 249 2926 (ιω.
269 2845 389 2926 Ιο.3.).
432 2840 488 2906 Sin
509 2839 756 2926 Horspollinens
776 2839 820 2926 (Ι.
836 2844 888 2906 26.
903 2837 947 2904 ll.
965 2829 1036 2906 lot.
1052 2844 1141 2926 1⁰2.)
1159 2841 1330 2921 eudimus,
1358 2861 1439 2904 ronn
1467 2841 1563 2904 edum
1587 2843 1623 2917 Θ
1644 2833 1826 2926 significare
1847 2834 1984 2900 videtur.

162 2959 238 3024 Nem
256 2981 410 3026 ranorum
430 2961 519 3025 siens
534 2955 631 3024 osler·
644 2953 768 3042 (ὅρασις
788 2955 885 3043 dioec)
907 2956 1080 3042 singularis
1100 2957 1136 3030 Θ
1157 2969 1207 3020 ΙΙΙ
1228 2957 1408 3042 proprietas
1428 2958 1551 3042 puriter
1572 2969 1669 3042 utque
1691 2952 1802 3035 Nilus,
1826 2953 1867 3018 sd
1890 2973 1985 3039 quem

160 3099 251 3144 reuss
451 3073 606 3140 estudet.
650 3070 759 3150 Quum
780 3095 845 3139 nou
866 3074 905 3140 de
929 3071 1048 3159 duplici
1062 3094 1215 3140 sonorum
1231 3095 1355 3160 genere
1366 3077 1510 3162 cogitare
1532 3072 1631 3152 velis3
1652 3084 1737 3138 certe
1757 3091 1821 3168 nou
1840 3068 1986 3151 offendit,

159 3195 298 3278 acen,
373 3194 456 3272 uli‚e
476 3195 523 3257 itu
544 3207 577 3258 et
596 3192 678 3259 bueo
697 3189 848 3258 cumano
867 3193 1049 3258 cummunis
1069 3211 1150 3258 esse.
1195 3189 1291 3268 Quod
1313 3213 1390 3258 vero
1413 3189 1594 3278 Horupcllo
1619 3210 1720 3256 ronse
1741 3191 1839 3253 etiem
1860 3190 1986 3253 iuuere·

161 3313 311 3380 cundiesu
332 3307 501 3390 adscribit,
532 3308 567 3372 id
589 3331 650 3375 uon
678 3307 789 3374 dubito
811 3309 887 3395 quin
910 3308 951 3374 sd
972 3309 1061 3375 uliud
1079 3331 1231 3377 sonuum
1253 3329 1356 3396 genus
1376 3323 1501 3396 spectet
1527 3309 1551 3394 Ι)
1576 3327 1718 3390 ssorum,
1741 3305 1794 3372 vel
1819 3308 1926 3391 potius
1946 3305 1987 3370 nd

161 3427 359 3516 singularem
379 3446 476 3490 senne
495 3437 612 3512 purtem
634 3427 719 3492 forte
740 3427 962 3511 posteriorem,
978 3449 1080 3516 quem
1099 3427 1155 3493 ille
1173 3426 1262 3492 bend
1279 3425 1414 3492 obscure
1435 3425 1476 3492 nb
1499 3428 1654 3494 nuteriori
1676 3425 1855 3510 distinguit,
1878 3443 1987 3508 quens·

162 3545 332 3614 admodum
350 3542 454 3610 leonis
473 3545 649 3630 posteriore
669 3541 710 3608 ub
733 3542 958 3610 anterioribus.

249 3659 394 3746 Scorpio,
417 3683 572 3746 uxopsroc,
594 3657 694 3750 ὅλη,
708 3657 934 3746 asymbolum.
964 3659 1131 3748 Astrologi
1147 3663 1183 3730 ὦ
1198 3659 1383 3726 adscribunt
1397 3657 1550 3726 suimslis
1564 3657 1693 3745 reptilis
1707 3671 1872 3721 venenose
1888 3662 1984 3735 etque

158 3782 324 3871 qudeim
348 3779 546 3864 scorpionem
572 3779 616 3863 (1.
637 3784 666 3862 ς.
682 3783 737 3844 to.
760 3799 793 3864 p.
808 3781 861 3842 62.
884 3799 917 3842 s.
935 3778 1004 3863 ⁵.)..
1037 3775 1133 3856 Quod
1165 3776 1356 3847 confirment
1380 3773 1559 3862 llorepcllo
1586 3774 1644 3860 (ΙΙ.
1668 3771 1754 3857 ab),
1784 3769 1985 3854 scorpionem

155 3921 230 3968 oum
252 3893 405 3964 monodilo
427 3915 617 3984 oompmsns
638 3895 793 3982 durique
813 3893 976 3962 ulterius
966 3897 1132 3964 interitum
1155 3897 1350 3992 adscribens,
1373 3915 1435 3959 uec
1453 3913 1518 3958 uon
1531 3891 1656 3958 sodisci
1674 3891 1771 3956 sntio.
1793 3885 1882 3954 Num
1898 3903 1985 3950 eoos·

154 4019 255 4106 pionis
283 4018 393 4104 inrogo
416 4015 632 4146 antiquitus
619 4015 649 4078 θ’
680 4015 810 4082 domurn
835 4015 1000 4101 exprimit.
1051 4013 1108 4082 Ex
1127 4013 1199 4080 loco
1225 4011 1447 4100 Horspolliuis
1468 4011 1571 4090 dicto,
1600 4009 1676 4076 licet
1696 4029 1760 4074 nou
1784 4005 1863 4070 ΙΙΙΙΙ
1885 4001 1984 4083 duro,

157 4139 238 4222 sequi
257 4133 402 4212 ridetur,
423 4133 623 4220 scorpionem
616 4099 783 4202 otiosuli
804 4134 1000 4218 exprimere.
1042 4130 1135 4214 Hipo
1142 4131 1226 4198 lorte
1249 4130 1403 4198 Aelianus
1425 4128 1485 4213 (ll.
1500 4130 1570 4216 33.)
1589 4127 1762 4206 fabuletur,
1785 4121 1986 4206 scorpionem

159 4247 354 4318 ecrocodilo
376 4251 482 4331 nesci,
504 4251 534 4314 si
554 4271 619 4315 nou
641 4253 783 4338 cogitare
805 4247 887 4314 vobs
908 4249 948 4314 de
969 4247 1005 4316 ὦ
1027 4245 1198 4316 crocodilo.
1372 4249 1374 4254 ’

234 4363 438 4451 Serpm‚'
422 4389 512 4451 οφις,
541 4369 587 4446 3,
614 4375 649 4447 2t
673 4383 707 4434 st
729 4364 950 4453 nuguffim,
970 4380 1007 4433 ΙΙ
1027 4385 1125 4451 supro
1144 4365 1283 4432 vidimus
1304 4365 1345 4432 de
1367 4369 1501 4454 ripere,
1522 4382 1620 4427 urceo
1640 4371 1674 4424 et
1694 4355 1759 4422 boa
1776 4356 1983 4422 contristere

158 4484 226 4547 sine
245 4483 391 4548 nerone.
435 4482 614 4550 Suutvero
636 4497 669 4550 et
690 4483 1114 4570 slisserpeutiuurgeuorn,
1135 4481 1312 4571 dequibus
1333 4504 1418 4548 nuuc
1438 4478 1615 4547 dicendum.
1658 4469 1806 4559 Serpem
1824 4480 1984 4537 ceruum

162 4607 195 4678 2)
215 4599 372 4685 lengun.
401 4597 502 4666 Teste
517 4599 686 4668 Herodoto
708 4601 858 4687 (lito),
879 4601 931 4670 nic
951 4623 1096 4688 serpens,
1116 4600 1241 4668 duobus
1262 4599 1411 4666 cornibus
1431 4600 1465 4662 ln
1478 4596 1581 4680 capite
1593 4593 1741 4680 insignis,
1763 4592 1818 4678 qni
1832 4591 1983 4678 frequen·

153 4718 275 4783 tissime
295 4715 328 4782 in
352 4719 480 4804 scriptis
499 4717 751 4806 hieroglyphicis
770 4733 918 4807 nppsset,
939 4721 1024 4786 circe
1046 4717 1180 4786 Thebes
1201 4719 1250 4802 (2(
1271 4712 1416 4800 domum)
1438 4709 1593 4800 degebat,
1617 4724 1735 4778 uoturs
1752 4709 1923 4790 innoxius,
1946 4719 1983 4771 vt

156 4841 192 4913 ²4
216 4833 408 4904 nunninus
431 4839 592 4918 mouerit,
612 4834 796 4921 ibidemque
817 4836 940 4917 cultus,
962 4840 1025 4923 ipsi
1045 4835 1118 4902 Ioui
1140 4811 1467 4922 (mercensibus
1488 4844 1584 4918 etque
1603 4833 1637 4896 is
1659 4829 1748 4895 lonis
1769 4829 1840 4912 (²l)
1863 4820 1982 4908 templo

30 4948 32 4993 ἲ
150 4949 307 5035 sepultus.
351 4951 497 5040 Serpens
522 4945 642 5020 uhdss‘
664 4955 689 5032 ὃ
713 4972 806 5020 secer
831 4954 932 5018 luisse
960 4953 1098 5018 videtur.
1141 4951 1262 5018 Nsrrnt
1290 4941 1777 5032 enimuercdctue'(11.rt.)‚
1809 4943 1893 5007 bunc
1914 4961 1981 5006 sor-

149 5081 301 5152 pentem,
332 5069 391 5136 snb
410 5071 539 5138 initiunt
559 5073 649 5136 seris
669 5091 714 5136 ox
735 5068 856 5137 Arabis
883 5067 967 5154 opud
989 5068 1142 5154 oppidum
1164 5066 1250 5147 Bnto
1271 5066 1332 5153 (it)
1353 5069 1388 5134 in
1408 5068 1594 5156 Aegyptum
1620 5063 1776 5130 inuoluto.
1816 5059 1982 5140 Quemad-

18 5261 20 5284 ,
150 5187 278 5254 modurn
300 5209 379 5252 voro
401 5185 486 5253 nuto
507 5186 732 5275 bsigufficnt,
759 5189 807 5254 its
827 5185 1058 5292 sorith-initium
1080 5183 1167 5250 cudit
1187 5192 1306 5271 postis
1329 5186 1444 5252 dotnus
1465 5197 1562 5271 etque
1578 5181 1651 5248 elne
1676 5180 1702 5268 Ι)
1726 5194 1802 5246 snut
1821 5181 1980 5267 propriae.

20 5318 43 5410 st,
149 5300 212 5370 lbis
232 5319 365 5385 nutem,
388 5324 486 5390 quem
507 5304 588 5370 dicit
606 5319 788 5391 serpentem
808 5303 900 5372 illum
922 5302 1043 5372 elotum
1058 5305 1261 5385 interimere,
1280 5304 1463 5370 nonmusios
1484 5313 1534 5367 est
1553 5297 1701 5368 omnibns
1726 5299 1751 5384 Ι)
1778 5292 1977 5363 animalibus.
