4860 6092
927 535 1266 612 ...ll-

181 728 315 789 nina
335 743 397 791 ees
415 721 574 788 habunt
595 720 719 808 tenple
737 723 870 808 mirque
885 721 991 802 modis
1011 721 1205 809 mlorentur.
1248 719 1337 788 Satis
1356 723 1444 790 enim
1462 733 1588 788 constat
1607 721 1648 789 de
1670 725 1769 792 variis
1785 723 2018 812 Aegyptiorum

180 843 276 907 facts
297 843 398 906 uariis
425 843 461 906 in
488 840 572 906 loeis
597 837 769 908 celebratis
795 840 1026 926 suinumque
1048 841 1214 906 numinum
1238 840 1271 902 in
1295 836 1452 904 horumne
1477 839 1644 904 institutis.
1687 839 1829 910 Numina
1858 862 1936 909 rme
1961 841 2019 920 illa

180 960 419 1042 prouinciam
443 972 478 1022 et
497 978 667 1025 noran
687 969 765 1026 suut
784 956 907 1024 domini
924 957 1091 1041 signorum
1112 966 1208 1040 atque
1224 953 1360 1035 Decaui,
1381 953 1424 1020 do
1443 976 1507 1042 quo
1527 957 1704 1025 semensas
1718 957 1814 1026 intre.
1833 975 1837 984 ’
1856 958 2017 1045 nonique,
2153 950 2157 956 ’

180 1076 266 1159 quod
289 1096 389 1161 supra
411 1076 664 1144 dementum
686 1087 750 1150 est,
767 1074 922 1160 Aegyptii
945 1093 1010 1138 nou
1033 1071 1136 1138 solum
1158 1071 1309 1158 planetis,
1329 1069 1387 1136 sod
1413 1073 1509 1138 uiam
1530 1074 1706 1160 tantgnir.
1723 1072 1884 1157 Dareus,
1906 1074 2018 1149 Hortis

181 1204 222 1254 ot·
236 1190 370 1279 reliquus
387 1192 470 1260 coeli
492 1191 659 1278 partionis
684 1191 812 1258 drumm
832 1193 970 1256 virtum
988 1203 1023 1254 et
1047 1192 1259 1275 proprietates
1283 1189 1540 1273 udeoipsorum,
1566 1191 1652 1276 quod
1673 1191 1746 1260 fieri
1764 1213 1831 1262 ooo
1848 1193 2017 1277 potuisset,

182 1307 365 1391 nuceta,
402 1309 458 1376 vel
486 1311 595 1376 varin
615 1309 749 1376 Muci
775 1309 949 1373 diuisionas
975 1327 1036 1394 pro
1065 1305 1139 1372 Diis
1164 1327 1228 1376 uon
1256 1304 1445 1372 hsbnmseut
1463 1305 1528 1388 ²⁶).
1574 1307 1724 1374 vitinus
1752 1311 1838 1380 caira
1867 1329 2018 1394 supreme

182 1426 415 1512 Aegyption·
443 1429 577 1492 nmina
597 1427 698 1492 fuisse
718 1425 884 1512 planetas,
921 1426 995 1492 irino
1017 1421 1119 1510 sign
1139 1422 1282 1500 zodiaci,
1312 1423 1386 1490 hiae
1408 1421 1576 1506 Deouana,
1604 1425 1682 1494 hius
1702 1425 1829 1514 reliqu
1851 1449 1952 1514 voque
1975 1428 2017 1494 ad

181 1541 331 1620 Mearm,
364 1544 484 1629 qnippe
510 1541 643 1610 infimos
658 1544 754 1608 deos.
798 1540 886 1618 Quid
914 1543 1017 1612 dicam
1038 1541 1176 1626 deniqne
1205 1541 1244 1606 de
1274 1563 1335 1622 oo,
1365 1541 1451 1626 quod
1473 1540 1637 1610 liemarus
1660 1546 1731 1630 ipse
1755 1543 1920 1614 (tamum
1943 1544 2018 1611 dicit
2087 1556 2091 1564 ·

182 1659 348 1726 lunanum
377 1659 528 1740 mm,
559 1657 683 1726 soilicat
702 1659 926 1745 planetae-ens,
958 1661 1124 1746 signorum
1154 1657 1286 1724 zodiaci
1314 1671 1348 1722 et
1367 1657 1563 1744 reliquunt
1586 1661 1752 1730 stellarum
1777 1661 1894 1750 (Iliad.
1914 1659 1953 1729 R.
1976 1659 2017 1729 Α.

178 1782 255 1842 493.
279 1775 412 1860 Hymos
433 1775 474 1840 ad
496 1776 624 1840 Luem
646 1798 680 1844 r.
702 1777 773 1859 7.)l
810 1773 964 1852 Quotidie
986 1779 1075 1842 enin
1099 1775 1206 1840 sidere
1234 1775 1316 1840 coeli
1341 1776 1381 1840 ed
1406 1773 1572 1842 Oceanum
1594 1778 1803 1848 Homericum
1823 1777 2019 1847 Mullum

179 1914 286 1978 eoque
306 1891 467 1956 leuantur.
508 1892 627 1957 Annon
649 1891 772 1958 clarum
794 1908 863 1977 oet,
891 1897 997 1978 sam
1011 1915 1058 1958 err
1079 1891 1297 1980 Greemrum,
1327 1894 1446 1978 qnippe
1467 1891 1509 1958 ab
1531 1893 1701 1982 Aegyptiis
1728 1897 1912 1975 tonorum
1943 1914 2016 1963 seu-

180 2011 283 2074 oeutia
306 2029 373 2074 acu
403 2027 475 2074 aue
494 2007 585 2074 Deos
613 2022 742 2096 praeter
770 2009 918 2098 planetas
942 2024 975 2076 et
995 2011 1128 2076 zodiaci
1155 2008 1287 2096 pertesi
1325 2007 1397 2074 lam
1420 2013 1501 2076 entis
1520 2011 1562 2076 de
1586 2012 1761 2098 mariolise
1783 2013 2017 2100 aegyptiorum

179 2128 396 2194 wonomiro
419 2129 454 2192 in
482 2129 681 2196 uniuersum.
721 2127 901 2194 sonnino
920 2131 1007 2194 esim
1028 2128 1109 2193 haee
1128 2139 1274 2192 veterum
1303 2126 1488 2194 testimonia
1508 2131 1549 2194 nd
1575 2129 1827 2199 confirmauthnr
1848 2129 1901 2209 id,
1931 2126 2017 2214 quod

179 2239 384 2310 Chaeremon
418 2245 533 2322 tradit,
571 2243 752 2330 Aegyptios
785 2267 852 2312 nen
888 2244 971 2310 alios
1000 2243 1089 2312 ileos
1115 2245 1270 2330 Deaeque
1301 2243 1473 2329 habuisse,
1514 2250 1577 2314 nisi
1604 2247 1753 2334 planetes
1781 2259 1880 2334 atque
1906 2243 2017 2313 stellas

180 2356 279 2442 fixus,
302 2382 382 2447 qnae
402 2362 555 2426 diximus.
599 2362 669 2427 lam
697 2384 776 2428 uero
797 2363 877 2428 iaec
898 2365 1092 2451 grauiuima
1112 2376 1197 2430 sont.
1242 2361 1294 2428 Ab
1317 2362 1378 2428 hoc
1400 2387 1486 2430 carn
1508 2379 1699 2453 argumento
1728 2378 1798 2430 tote
1816 2363 1937 2450 pendet
1957 2381 2017 2426 ex·

178 2473 523 2566 pheodo-scriptorem
544 2483 853 2566 astronomicarum,
876 2493 1034 2568 quotquot
1053 2495 1242 2570 supersunt,
1267 2482 1550 2570 Aegyptiacorum.
1594 2480 1702 2556 Quum
1723 2485 1808 2552 euim
1825 2501 1937 2546 rerum
1960 2491 2019 2556 est,

180 2593 268 2680 quod
290 2607 337 2661 tot
364 2609 492 2662 veteres
513 2600 688 2684 scriptores
708 2599 860 2682 tradunt,
896 2600 1005 2664 omnia
1033 2597 1266 2686 Aegyptiorum
1293 2603 1425 2666 numina
1449 2600 1575 2684 origiue
1598 2619 1669 2666 esse
1691 2599 1922 2675 astronomica,
1953 2598 2018 2660 iam

181 2713 332 2800 nouimus
359 2725 445 2780 certe
472 2716 507 2782 iu
528 2735 670 2802 genere,
697 2715 815 2806 quibus
840 2712 993 2800 symbolis
1012 2711 1167 2804 Aegyptii
1186 2716 1223 2780 in
1242 2717 1457 2782 monumentis
1477 2715 1545 2780 suia
1569 2715 1789 2778 maenomieis
1808 2713 1926 2796 partim
1948 2707 2019 2792 pla·

182 2841 275 2896 netu
294 2832 534 2916 expresserint,
551 2835 671 2918 partim
691 2837 800 2904 varlas
816 2831 890 2900 illas
911 2831 1043 2902 zodiaci
1064 2844 1192 2916 portas,
1220 2851 1354 2916 quarum
1376 2833 1409 2894 iu
1433 2826 1568 2912 finibus,
1591 2838 1679 2896 carto
1703 2827 1841 2914 quodam
1864 2839 2018 2912 tempore,

180 2943 331 3032 planetae
352 2949 575 3036 apparuerint
619 2949 700 3018 lude
721 2953 808 3022 erim
827 2950 989 3037 seqniturt

161 3137 164 3140 ,
265 3062 294 3131 Ι.
323 3061 431 3150 Varia
448 3064 616 3136 numinum
638 3066 873 3156 Aegyptiorum
895 3065 1026 3130 nomiae
1054 3072 1087 3128 et
1108 3061 1317 3146 cognomina,
1345 3081 1428 3148 quea
1449 3073 1577 3128 veteres
1595 3072 1744 3126 auctores
1766 3073 1862 3146 atque
1884 3061 2017 3144 inserip-

180 3182 285 3248 tioues
306 3179 545 3269 Aegyptiacae,
568 3181 744 3269 Copticao,
778 3182 987 3268 &remaque
1012 3175 1107 3246 uota
1136 3190 1383 3260 conseruerunt,
1411 3179 1453 3246 ad
1481 3177 1629 3266 planetes
1657 3191 1713 3247 aut
1734 3176 1907 3246 zodiacum
1934 3175 2017 3241 reie-

177 3297 281 3365 reuda
304 3317 387 3364 esse

265 3411 309 3480 11.
339 3409 460 3478 Varias
484 3411 632 3481 ¹Deorum
660 3411 869 3501 Deciumque
896 3414 1074 3500 imagines,
1107 3415 1251 3501 quaein
1279 3408 1426 3480 omuibus
1455 3412 1526 3479 tere
1563 3417 1778 3482 monumentis
1808 3413 2018 3500 Aegyptiacis

176 3541 373 3610 merantur,
396 3548 541 3616 quaeque
560 3530 740 3618 imiguibur
761 3535 828 3602 suis
849 3531 985 3622 aliisque
1005 3529 1174 3606 adtributis
1194 3529 1289 3600 facile
1310 3530 1558 3618 dignoscuntur,
1581 3551 1654 3600 esse
1676 3530 1821 3616 symbolo
1836 3543 1891 3599 aut
1905 3529 2017 3615 plauc-

179 3661 305 3724 tarum,
331 3657 387 3708 aut
404 3646 548 3732 partium
571 3644 739 3716 zodiact-

262 3761 325 3828 111.
355 3759 458 3847 llario
480 3761 651 3848 animalia,
681 3764 833 3847 arbores,
859 3764 1005 3852 plautas,
1037 3770 1268 3850 assumente,
1302 3763 1439 3837 artificia
1466 3765 1598 3854 eiusque
1628 3762 1756 3849 generis
1784 3757 1867 3840 alia,
1898 3759 2017 3854 quippe
2120 3799 2124 3808 ·

180 3879 279 3950 varis
300 3877 374 3946 Diis
394 3900 488 3947 sacro
516 3902 691 3970 eorumque
711 3880 877 3970 symbola,
906 3885 1021 3960 eodem
1052 3905 1178 3973 quoqne
1203 3906 1291 3956 nuno
1318 3883 1360 3951 ad
1381 3881 1544 3972 planetas,
1575 3901 1660 3951 auro
1685 3878 1728 3948 ad
1756 3877 1886 3947 zodiaci
1907 3885 2016 3958 partes

179 3993 365 4068 iudicandas
387 3993 533 4070 adhiberi
548 4001 695 4086 putuisse
716 4021 756 4082 pc
776 3999 927 4072 debuisse
946 4004 982 4074 iu
1004 4000 1389 4096 scriptisAsflptiopum
1411 4000 1647 4069 astronomicis.

1041 4269 1077 4386 a.
1118 4275 1158 4355 a.

343 4431 468 4452 ·
619 4415 1096 4547 Argumenta
1152 4422 1578 4504 contraria.
1696 4395 1699 4400 ¹

163 4648 168 4663 ·
209 4650 212 4659 ·
267 4585 469 4677 9¹¹³th
492 4589 714 4677 turem,
741 4593 893 4667 merdas
914 4595 1112 4682 demptus,
1144 4595 1321 4668 elemosina
1346 4611 1382 4665 et
1410 4593 1618 4663 damascum
1638 4589 1764 4671 undat,
1803 4601 1840 4656 vt
1866 4585 2015 4659 vitinus

179 4707 361 4792 millu
380 4730 446 4778 non
462 4707 530 4781 vlits
546 4707 700 4782 habuisse
713 4715 848 4784 aomina
867 4725 996 4798 praeter
1016 4715 1247 4792 astronomica3
1273 4727 1306 4782 et
1326 4714 1472 4798 quamuis
1491 4710 1698 4790 Mutuom
1720 4706 1899 4788 Diodorus,
1919 4704 2014 4774 Proc-

181 4825 250 4904 ius,
281 4824 456 4908 Firminus,
485 4825 652 4913 Diogenes
688 4827 860 4911 Laertius,
890 4829 1064 4910 Mauetho,
1095 4832 1274 4917 Scriptores
1305 4829 1396 4894 Sacri
1426 4825 1544 4916 aliique
1574 4825 1724 4914 permulti
1746 4822 1951 4898 confirment,
1982 4816 2014 4880 itl
2076 4873 2080 4881 .

181 4939 268 5028 quod
290 4939 492 5008 Chaeremon
513 4944 693 5010 contendit:
713 4944 787 5010 lruic
808 4949 986 5012 sententiae
1007 4959 1113 5010 tamen
1135 4968 1199 5012 non
1220 4967 1323 5034 pauca
1345 4959 1536 5034 argumenta
1555 4965 1657 5034 eaque
1678 4943 1870 5034 grauissima
1886 4934 2014 5002 obstare

178 5057 343 5122 videntur.
385 5059 525 5127 Primum
548 5065 634 5127 euim
655 5085 717 5130 nou
742 5043 829 5128 sotis
843 5057 1050 5149 intelligitur,
1084 5063 1243 5148 quomodo
1267 5065 1356 5129 natio
1383 5061 1581 5130 nobilissima
1611 5076 1644 5128 et
1672 5057 1926 5147 worardus,
1956 5072 2014 5138 per

187 5221 601 5238 m

248 5311 294 5376 25)
312 5309 380 5364 vtd·
397 5329 485 5382 supra
502 5316 533 5368 P.
542 5317 562 5368 l.
584 5315 661 5382 Md.
681 5318 725 5369 ii.
742 5335 821 5387 seqq.
837 5331 898 5386 pag.
910 5317 953 5370 55·
1076 5339 1079 5344 ·
