4928 6102
1215 541 1520 648 „34-

447 745 581 818 poasunt
600 732 661 814 18).
692 729 806 815 Neque
823 738 1017 814 repetamus,
1035 723 1179 790 libellum
1197 726 1437 814 astrologicam,
1455 725 1575 791 scilicet
1594 747 1751 812 papyrum
1768 721 1957 804 funerelem,
1974 721 2097 787 Graece
2117 726 2277 807 scriptam,

449 870 520 912 cum
538 845 816 913 obseruationibus
838 845 877 908 de
899 841 1241 930 septem-planetarum
1262 819 1350 910 locis
1363 858 1395 908 et
1414 842 1638 930 positionibus,
1661 846 1694 907 in
1717 841 1863 930 sepulcro
1880 838 2050 921 Thebano,
2076 838 2161 902 head
2183 838 2279 903 dubie

446 969 586 1029 marniae
607 967 640 1028 iu
661 964 786 1042 imciia,
810 983 830 1024 a
850 960 952 1026 Saltio
974 963 1103 1024 iamiam
1122 963 1289 1026 inuentum
1310 983 1391 1025 esse.
1435 958 1604 1036 Ceterum,
1625 958 1806 1046 Aegyptios
1826 957 2069 1024 obseruationes
2089 959 2278 1020 astronomi·

447 1104 501 1147 cas
523 1103 586 1145 uon
606 1079 708 1146 solum
728 1075 923 1163 astrologiae
936 1098 1043 1158 causa,
1067 1079 1240 1144 sedetiam
1262 1065 1416 1142 historiae
1433 1080 1467 1140 in
1489 1081 1626 1163 gratiam
1648 1097 1865 1156 consacratae,
1890 1087 2016 1138 veteres
2038 1071 2124 1137 baud
2145 1072 2278 1137 obscure

446 1197 584 1259 madunt.
629 1195 760 1262 lliserte
784 1199 869 1260 enirn
891 1195 967 1257 dicit
986 1191 1152 1277 Manetho,
1175 1195 1354 1282 Aegyptios
1380 1193 1509 1258 decreta
1529 1207 1699 1274 astrorum,
1721 1195 1836 1268 nteit,
1858 1193 1962 1272 saxis,
1985 1195 2054 1256 sina
2076 1189 2224 1255 obeliscis
2246 1203 2278 1253 et

447 1309 536 1376 stelis
557 1327 591 1376 et
613 1313 686 1378 aliis
705 1289 922 1378 monumentis
941 1308 1087 1396 lapideis,
1108 1314 1306 1398 inscripsisse
1326 1310 1429 1376 literis
1447 1309 1696 1397 hieroglyphicis
1714 1311 1775 1393 ¹⁹).
1819 1307 1958 1373 Decreta
1978 1310 2117 1395 quidem,
2138 1329 2277 1390 spurcam

449 1443 606 1493 astrorum
628 1397 828 1495 suut'omuia
846 1451 895 1509 ea,
920 1433 1009 1512 quae·
1024 1449 1067 1492 ex
1089 1431 1248 1514 positione
1269 1429 1471 1516 planetarum
1493 1441 1579 1492 certo
1601 1426 1740 1514 quodam
1762 1440 1905 1511 tempore
1927 1424 2100 1490 obseruata
2121 1421 2276 1507 colligun-

450 1557 518 1624 tur,
542 1567 677 1630 qnornm
697 1547 889 1632 grauissima
910 1543 950 1606 ad
973 1545 1114 1630 epochas
1137 1548 1212 1609 anni
1234 1545 1467 1633 Aegyptiorum
1488 1547 1598 1631 magui
1620 1541 1923 1632 chronologiamque
1947 1555 2110 1627 spectant,
2137 1555 2172 1606 vt
2192 1540 2277 1604 infra

449 1660 638 1726 videbimus.
679 1663 734 1725 Era
761 1661 864 1726 iudice
895 1665 981 1724 euim
1010 1661 1154 1723 locorum
1183 1685 1203 1723 a
1229 1660 1368 1746 planetis
1397 1662 1604 1748 Aegyptiacis
1629 1672 1716 1725 certo
1743 1671 1887 1744 tempore
1914 1668 2139 1744 occupatorum
2168 1659 2276 1720 atatim

449 1781 651 1863 cognoscitur
672 1777 908 1842 obseruationia
932 1791 1069 1862 tempus,
1093 1776 1210 1861 quade
1226 1799 1262 1842 re
1284 1777 1441 1843 eiusmodi
1462 1777 1704 1843 obseruationes
1726 1779 1958 1842 astronomicae
1978 1773 2206 1860 chronologiae
2226 1775 2275 1836 iu·

451 1898 606 1960 seruiunt.
650 1892 752 1958 Cuius
780 1898 908 1979 generis
937 1894 1036 1959 stelas
1064 1895 1237 1980 cipposque
1260 1897 1509 1975 astronomicas,
1545 1897 1599 1979 qni
1620 1896 1737 1980 partim
1765 1915 1824 1978 par
1848 1904 1950 1958 totum
1969 1892 2156 1978 Aegyptum
2178 1892 2275 1954 erecti

450 2027 575 2088 essent,
597 2012 768 2094 partimin
788 2010 959 2096 speluncis,
983 2012 1160 2097 hypogeis,
1183 2011 1395 2095 catacumbis,
1418 2010 1573 2096 sepulcris
1593 2009 1727 2096 aliisque
1751 2012 1785 2074 in
1805 2007 1885 2072 locis
1907 2007 2063 2089 laterent,
2084 2027 2274 2074 commemo·

450 2143 523 2192 rant
541 2126 717 2208 Diodorus,
737 2126 908 2213 Joaephus,
931 2128 1084 2210 Galenus,
1106 2128 1250 2194 Achilles
1271 2126 1401 2210 Tatius,
1424 2128 1604 2193 Martianus
1627 2125 1762 2212 Capella
1782 2124 1900 2211 aliique
1920 2123 2071 2210 permulti
2087 2127 2148 2204 ²⁰).
2193 2120 2274 2186 Cum

450 2245 501 2306 his
521 2242 610 2308 stelis
631 2243 865 2330 chronologicis
884 2247 1061 2310 metisaime
1080 2247 1318 2332 coniunguntur
1339 2266 1358 2309 a
1381 2244 1544 2311 veteribus
1565 2242 1668 2309 stelae
1689 2243 1877 2322 historicae,
1898 2239 2015 2326 unibus
2034 2259 2087 2306 res
2108 2251 2219 2325 gestae
2242 2251 2275 2302 et

450 2361 603 2445 quidquid
624 2363 780 2424 memoria
795 2340 927 2447 dignum
941 2364 1086 2426 eueniret
1105 2364 1138 2425 in
1154 2362 1303 2447 Aegypto
1320 2361 1422 2426 literis
1443 2359 1691 2447 hieroglyphicis
1706 2356 1959 2425 conscriberetur
1982 2371 2078 2443 atque
2092 2356 2275 2442 posteritati

449 2477 631 2540 traderetur
646 2477 711 2560 ²¹).
754 2476 929 2565 Vtriusque
950 2481 1078 2564 generis
1099 2477 1197 2542 stelas
1210 2477 1366 2544 Manetho
1385 2478 1499 2559 dictus,
1520 2478 1669 2542 sacerdos
1689 2476 1932 2558 Sebennyticus,
1950 2471 2033 2538 vidit
2055 2485 2088 2536 et
2107 2473 2275 2537 examina·

449 2595 497 2657 vit
518 2592 602 2656 baud
624 2591 720 2656 dubie
743 2591 908 2677 plurimas.
951 2595 1026 2681 lpse
1047 2597 1132 2660 enirn
1154 2607 1308 2676 testatur,
1331 2616 1367 2660 se
1388 2595 1553 2660 historiam
1576 2613 1668 2659 suam
1690 2591 1926 2678 Aegyptiacant
1942 2609 1987 2654 ex
2013 2587 2105 2652 libris
2128 2600 2161 2652 et
2184 2586 2275 2652 stalis

448 2709 611 2786 baumsse,
631 2729 713 2794 qnae
732 2707 975 2776 obseruationes
1002 2726 1036 2777 et
1059 2715 1289 2777 astronomicas
1309 2724 1343 2775 et
1365 2709 1533 2776 historiam
1553 2713 1753 2775 consuerent
1769 2706 1831 2790 ²²).
1870 2703 1982 2780 Quot
2010 2703 2095 2790 quod
2116 2703 2275 2788 losephus

446 2827 558 2904 refert,
575 2823 732 2889 columnis
751 2824 817 2888 illis
835 2823 972 2890 Sethicis
992 2827 1089 2892 simul
1110 2839 1143 2892 et
1160 2831 1374 2894 astronomica
1396 2841 1428 2892 et
1454 2828 1607 2893 historica
1627 2827 1780 2910 inscripta
1801 2823 1903 2888 luisse
1919 2819 1983 2904 ²³).
2024 2820 2137 2906 ltaque
2159 2820 2274 2884 harum

447 2940 602 3005 stelenum
631 2937 808 3001 eliorumne
831 2957 1109 3007 monumentorum
1135 2927 1602 3010 maenomamhistorioomru
1626 2956 1716 3008 tanta
1744 2942 1807 3006 luit
1828 2940 1931 3004 adhoc
1952 2941 2045 3024 eopia
2064 2941 2099 3002 in
2122 2937 2273 3024 Aegypto

445 3069 602 3142 regnante
622 3053 808 3119 Ptolemaeo
828 3053 1036 3142 Philadelpho
1058 3063 1120 3140 (au
1135 3064 1199 3124 250
1216 3083 1246 3126 u.
1263 3060 1355 3142 Ch),
1375 3076 1412 3126 vt
1433 3060 1587 3126 Manetho
1609 3059 1684 3125 iude
1707 3060 1868 3142 integram
1887 3077 1978 3122 sumn
2002 3068 2035 3121 et
2051 3054 2219 3120 historiam
2237 3066 2273 3116 et

514 3325 559 3391 18)
578 3323 626 3378 Sic
641 3323 737 3378 fertur
754 3322 935 3394 Hipparchus
954 3324 1410 3397 (Ρ101000.11.111.00100101.)
1428 3327 1647 3381 obseruationes
1665 3328 1872 3381 astronomicas
1886 3323 2114 3392 Babyloniorum
2131 3324 2270 3404 conquis-

445 3415 531 3467 sirnss
547 3411 582 3464 sd
601 3425 775 3481 ψηφοφοριαν
794 3410 965 3480 Aegyptiam
982 3411 1221 3467 accommodssse.
1241 3410 1323 3464 cont.
1344 3409 1508 3478 Simplicius
1528 3410 1563 3466 de
1582 3411 1669 3465 Coelo
1686 3412 1765 3465 1,.11.
1782 3412 1858 3466 ali.
1877 3427 1905 3479 p.
1914 3410 1974 3466 1²8.
1991 3411 2093 3466 limiti.

510 3512 555 3578 1⁹)
581 3509 719 3564 Manetbo
739 3511 884 3580 Apoteles.
906 3510 972 3567 Lib.
986 3510 1021 3565 V.
1048 3528 1074 3563 r.
1087 3512 1113 3564 Ι.
1125 3511 1152 3563 3.
1171 3513 1311 3566 llsusisse
1330 3527 1362 3566 se
1381 3512 1451 3564 dicit
1472 3515 1498 3572 ts
1516 3514 1631 3578 στηλυν,
1653 3506 1686 3571 ἃς
1697 3510 1797 3582 ‘Epytus
1815 3509 1940 3582 adpuesss
1953 3507 2054 3581 ἄστρων
2070 3512 2149 3570 &aaa
2166 3513 2270 3580 ἐχαραεε

438 3620 579 3670 amouere,
598 3600 745 3666 συμβουλον
761 3615 869 3664 uramus
886 3615 980 3661 ocosse
994 3595 1149 3662 Ἀσκληπιον
1166 3593 1253 3665 sipon.

506 3703 553 3763 20)
574 3697 693 3749 Diodor.
715 3695 771 3750 Sic.
785 3697 849 3750 Lib.
856 3696 892 3749 V.
913 3694 986 3750 010.
1005 3695 1102 3766 picti,
1119 3697 1164 3749 sbi
1185 3699 1287 3765 πραξεις
1304 3702 1424 3768 napaeos,
1443 3697 1508 3761 dece,
1530 3691 1677 3765 ripaeursae,
1696 3689 1842 3757 duonum
1860 3704 1890 3750 et
1905 3701 2067 3749 ceterorum
2089 3701 2156 3746 sunt
2172 3693 2270 3747 obser·

437 3787 568 3839 sationes
586 3784 803 3836 astronomicae.
823 3781 942 3834 Flauius
962 3781 1022 3834 loa.
1040 3787 1099 3835 aut.
1120 3781 1185 3835 lud.
1204 3782 1237 3836 L.
1246 3784 1268 3835 l.
1288 3785 1346 3838 os.
1366 3781 1425 3849 §.d
1441 3782 1511 3850 pls.
1529 3782 1564 3833 T.
1578 3779 1598 3834 l.
1617 3781 1715 3843 Amat,
1732 3781 1852 3835 Diodor.
1869 3779 1900 3839 S.
1919 3781 1975 3834 loc.
1991 3783 2014 3832 l.
2031 3796 2060 3851 p.
2071 3778 2152 3832 1113.
2165 3776 2270 3833 Galen.

438 3871 504 3924 adu.
516 3869 663 3924 lulianum
682 3881 705 3919 c.
714 3868 738 3919 1.
758 3882 786 3934 p.
794 3866 854 3919 ato.
863 3867 905 3931 Ρ..
922 3864 1046 3920 Achilles
1058 3867 1162 3920 Tstius
1176 3881 1222 3935 ap.
1237 3867 1338 3922 Petsu.
1352 3869 1440 3922 Vrsa.
1456 3881 1484 3935 p.
1495 3869 1554 3922 1²1.
1567 3867 1655 3920 Mart.
1669 3867 1775 3937 Capell.
1789 3864 1867 3922 1..11.
1886 3865 1964 3936 pio.
1981 3865 2075 3930 Grot,
2088 3867 2136 3919 vbi
2148 3865 2270 3920 deorum

439 3961 590 4008 stemmata
608 3958 676 4005 sunt
696 3951 874 4019 planetarum
892 3958 922 4006 et
938 3952 1049 4006 zodiaci
1066 3951 1207 4018 symbola.
1221 3953 1286 4008 Joh.
1305 3953 1508 4008 Sarisberiena.
1528 3951 1663 4021 Metalog.
1688 3953 1766 4006 1..11.
1783 3967 1809 4019 p.
1822 3951 1866 4006 35.
1884 3951 1988 4004 Euseb.
2005 3951 2110 4019 Praep.
2127 3950 2180 4004 Eu
2200 3949 2235 4008 L.
2244 3952 2265 4001 l.

439 4039 521 4093 clx.
537 4036 669 4108 mim.
685 4036 787 4091 lohan.
805 4039 931 4090 cassian.
952 4036 1013 4089 001.
1023 4037 1099 4090 Vlll.
1118 4053 1144 4106 p.
1153 4039 1197 4090 ²1.

506 4142 553 4202 sl)
570 4139 653 4193 l’lsto
672 4139 702 4190 in
722 4137 796 4193 Tim.
816 4136 955 4189 Tomlll.
974 4151 1000 4205 p.
1010 4138 1051 4189 22.
1060 4137 1103 4190 ts.
1123 4137 1188 4190 Par.
1208 4137 1315 4206 Stepb,
1331 4137 1456 4208 syncell.
1473 4136 1557 4204 0.-10.
1575 4134 1649 4199 Psr,
1663 4135 1822 4204 Melampus
1834 4135 1971 4206 lilerogr.
1989 4136 2024 4190 de
2040 4135 2160 4190 diuinet.
2173 4139 2203 4188 iu
2215 4139 2267 4190 he·

439 4224 508 4275 lien.
526 4221 646 4276 101105.
666 4223 758 4287 Rom,
778 4221 897 4275 Diodor.
919 4219 1028 4273 S.L.1.
1048 4237 1070 4273 c.
1081 4223 1123 4276 20.
1140 4237 1166 4289 p.
1175 4221 1230 4285 23,
1248 4223 1323 4276 Ρ110.
1347 4223 1381 4274 L.
1392 4221 1448 4277 Vl.
1459 4222 1532 4273 aid.
1549 4219 1610 4273 T.l.
1629 4219 1723 4287 poili.
1742 4220 1823 4277 010.
1841 4235 1867 4288 p.
1875 4219 1936 4278 311.
1957 4218 2108 4290 Chrysost.
2128 4228 2200 4274 urat.
2215 4222 2266 4275 Xl.

439 4324 468 4376 p.
479 4304 538 4358 ltt.
559 4303 725 4368 Panisci„
748 4307 847 4360 helios
866 4305 1009 4358 Aristides
1028 4313 1102 4358 urst.
1123 4307 1190 4375 Aeg.
1211 4322 1237 4373 p.
1246 4306 1307 4361 tto.
1326 4308 1381 4360 Ox.
1397 4307 1520 4358 Hermes
1537 4305 1630 4358 triam·
1650 4318 1695 4372 sp.
1712 4303 1817 4358 Patrio.
1832 4304 1889 4360 Μ.
1908 4304 2029 4360 Procius
2047 4307 2078 4360 in
2099 4307 2172 4358 Tim.
2188 4305 2264 4358 Pist.

438 4392 507 4446 1..1.
523 4387 680 4458 pli-Bas.
697 4386 791 4444 Sobel.
809 4393 839 4444 iu
857 4388 944 4460 Soph.
962 4389 1007 4444 at.
1024 4390 1120 4444 mm.
1147 4388 1245 4444 Stoica
1265 4397 1343 4454 aunt,
1360 4392 1467 4460 inquit,
1483 4391 1593 4459 lapides
1609 4389 1719 4444 iormse
1737 4389 1909 4458 quadratae,
1926 4391 1958 4444 in
1978 4391 2082 4459 quibus
2099 4406 2145 4444 res
2161 4405 2264 4444 memo·

439 4482 505 4530 ratu
523 4475 625 4545 dignae
640 4472 844 4529 inscribuntur.
1304 4477 1307 4484 “

507 4577 554 4640 11)
572 4567 710 4626 Marathe
727 4571 895 4639 apoteleam.
912 4574 988 4627 lav.
1003 4577 1064 4629 r.l.
1083 4575 1161 4642 p.88.
1181 4573 1281 4636 Grau,
1296 4573 1343 4626 rbi
1360 4593 1483 4644 speretur
1501 4573 1627 4644 ciperem
1646 4571 1832 4641 desponsant
1851 4575 2072 4630 obseruationes
2091 4577 2264 4630 astronomi-

439 4675 500 4724 cae,
518 4668 606 4726 atque
627 4657 767 4722 decusare
782 4673 885 4723 povosc
900 4656 1050 4731 drocloyov
1068 4657 1222 4712 historicss
1240 4656 1412 4728 sig'uilicsut.
1434 4659 1494 4712 cot.
1512 4658 1637 4727 Syncell
1655 4675 1682 4728 p.
1690 4661 1735 4712 tt.
1752 4659 1834 4722 Pan,
1859 4661 1903 4712 vbi
1923 4663 2015 4728 oraim
2031 4663 2058 4712 is
2078 4682 2112 4732 ep
2128 4665 2264 4735 σηριαδικῃ

438 4765 472 4816 ry
494 4745 551 4810 (tl-
569 4740 677 4811 ommia
696 4741 848 4828 uvpcyyupp)
867 4754 931 4793 esse
951 4745 1086 4798 videntur
1107 4743 1198 4796 stelae
1217 4739 1414 4811 hypogsorum
1436 4743 1647 4797 Thebanorum.
1667 4743 1749 4797 conf.
1765 4747 1857 4830 1111111
1870 4745 1952 4810 stela,
1973 4745 2018 4797 vel
2031 4747 2107 4830 lapis
2126 4745 2264 4807 effodere,

343 4836 353 4854 “
438 4830 574 4893 effossio,
600 4837 738 4887 caumas,
757 4831 787 4875 et
805 4823 927 4896 11111181
944 4845 1005 4892 ruso
1021 4837 1117 4894 terra,
1144 4829 1190 4884 vel
1208 4830 1288 4902 toas
1304 4841 1382 4896 ager.
1417 4829 1581 4882 esttecum
1600 4826 1912 4883 hiseoheeretvocab.
1932 4841 2069 4900 cuptyyor,
2100 4828 2263 4898 hypogeum

438 4913 610 4982 significans.
638 4908 687 4963 Sin
705 4909 780 4986 γκ,
796 4913 826 4959 rt
840 4903 983 4977 Iosephus
1001 4926 1024 4962 c.
1037 4915 1085 4980 Ap.
1102 4913 1171 4967 1..1.
1192 4928 1219 4982 p.
1231 4911 1309 4965 2⁰39.
1328 4912 1433 4976 tradit,
1453 4929 1549 4984 regem
1567 4913 1756 4984 significault3
1791 4913 1862 4966 illud
1884 4918 1981 4986 szsps
2001 4914 2126 4965 deriuari
2147 4915 2264 4970 videtur

437 4994 616 5134 Ἠοῖὴιιίίε
627 4997 704 5130 type!
727 4993 890 5061 sepulcrum
908 5001 938 5047 et
954 4975 1039 5071 ὴγκ
1056 5012 1116 5051 ras.
1136 5000 1200 5062 000
1218 4998 1293 5052 facto
1313 4997 1395 5067 plane
1414 5001 1550 5051 conuenit
1567 5014 1631 5050 eum
1648 5000 1762 5052 uomina
1782 4998 1885 5052 seriori
1905 4999 2030 5054 eiusdem
2049 4997 2116 5068 ioci
2131 4996 2264 5054 Bibas-et

476 5098 491 5132 0
505 5096 522 5131 u
541 5119 549 5144 ,
570 5093 639 5145 sepo
652 5094 702 5131 cra
718 5092 826 5148 regum.

484 5179 551 5316 ᾖ23)
574 5175 618 5229 ΡΙ.
635 5178 694 5232 loa.
711 5185 769 5231 aut.
786 5177 852 5231 Jut.
870 5177 904 5232 l..
920 5179 944 5232 l.
961 5179 1019 5231 cd.
1037 5177 1064 5244 1.
1079 5177 1105 5232 3.
1125 5190 1150 5245 p.
1160 5178 1201 5230 ll.
1221 5184 1263 5234 iss
1279 5185 1358 5249 osuiu
1374 5187 1474 5250 μαθιιν
1489 5197 1546 5239 scta
1565 5177 1716 5251 immae
1733 5201 1767 5234 sa
1784 5181 1974 5254 lyrsypepprso
1988 5181 2052 5234 scil.
2067 5187 2260 5239 astronomica

434 5273 466 5318 et
503 5264 630 5317 istorics.
