4860 6092
699 543 704 556 ·
779 613 813 640 ⁸,
889 483 1118 610 ...ιιι
1178 577 1263 594 .-

168 725 214 790 od
236 711 388 788 naturast
406 716 574 797 referunt,
597 721 687 780 ratio
710 712 861 780 dolendo
884 725 951 792 est;
982 717 1039 782 illi
1058 721 1133 802 igue·
1152 716 1340 783 anabaust
1357 718 1454 788 tuus
1475 728 1655 790 crissantis
1676 733 1867 815 anteriora,
1891 751 1998 820 oquae

167 861 246 906 voro
268 839 470 924 posteriora.
511 831 692 920 Hosapollo
721 823 873 918 (l.18.)s*
899 831 1001 898 rodus·
1028 841 1200 911 rotantes,
1229 833 1334 898 lconis
1362 843 1535 904 anteriora
1560 841 1699 908 menbra
1720 852 1886 931 pingunt,
1913 851 2001 934 quod

28 954 34 963 ”
111 1024 128 1038 ..
150 955 246 1020 daec
267 957 305 1016 ei
321 967 367 1016 ee
389 959 461 1016 icio
482 968 622 1035 corpore
639 946 863 1014 robustissimo
883 957 969 1016 sust.
1013 945 1119 1026 Quum
1143 971 1220 1015 vero
1241 951 1397 1018 fortitudo
1423 968 1456 1020 et
1484 958 1569 1044 ignis
1590 959 1654 1024 sint
1676 965 1707 1026 c*
1736 960 1909 1047 attributa,
1936 965 1997 1032 hu·

63 1137 68 1144 ,
147 1072 283 1138 *midam
305 1089 383 1135 vero
407 1073 447 1152 J,
471 1087 567 1154 quam
587 1068 687 1130 etiam
706 1063 822 1132 leaena
835 1079 977 1153 spactat;
997 1070 1152 1152 seqnitur,
1170 1065 1331 1136 antefiora
1352 1070 1456 1137 leonis
1471 1073 1519 1155 od,
1542 1076 1726 1160 potieriora
1748 1083 1773 1148 A
1800 1082 1996 1165 exprimere·

161 1189 344 1262 Ριιιοιοιοιι,
365 1184 501 1272 quamq
520 1203 650 1272 qnoque
667 1181 832 1248 humidum
854 1181 1013 1248 tribuatur
1035 1195 1131 1271 atque
1148 1186 1306 1253 zodiacus
1321 1187 1449 1253 Indicus
1474 1187 1516 1270 b,
1539 1170 1704 1258 dominum
1724 1195 1871 1260 stationis
1889 1197 1916 1264 A
1941 1203 1993 1281 tt,

159 1307 255 1371 leone
285 1303 448 1390 exprimat
475 1299 658 1386 (Transact.
672 1299 710 1364 oi
720 1298 774 1364 the
788 1299 826 1365 R.
840 1299 898 1366 As.
916 1300 990 1366 soc.
1003 1301 1080 1367 Vol.
1088 1303 1149 1369 111.
1162 1305 1199 1370 P.
1210 1303 1237 1370 1.
1253 1301 1337 1370 Tab.
1350 1307 1408 1390 t.);
1439 1319 1536 1393 puto,
1560 1309 1596 1372 in
1616 1305 1712 1374 leone
1737 1311 1834 1377 etium
1862 1315 1887 1398 i>
1919 1313 1994 1402 qnid

158 1425 272 1505 fuisse,
292 1441 355 1506 quo
378 1430 504 1506 spectat
524 1417 659 1503 sphinx,
677 1427 714 1480 rt
735 1414 819 1480 inira
839 1415 1029 1484 uidebimus.

247 1535 367 1624 Lepas,
390 1539 505 1619 inpar,
528 1527 712 1637 (pardem
732 1533 917 1616 dannanus),
945 1535 969 1620 i)
997 1533 1197 1620 symbolum,
1221 1556 1449 1624 nonnunquam
1478 1543 1501 1609 Ω
1528 1539 1710 1628 siguificare
1731 1543 1869 1612 videtur.
1912 1545 1992 1611 Pro·
2031 1555 2034 1558 '

156 1657 299 1724 bibitum
324 1664 395 1718 erat
422 1653 510 1717 vesci
537 1647 703 1736 leporibus
722 1647 994 1740 (Lonorius).
1037 1653 1082 1720 Αι
1105 1652 1257 1718 animalia
1278 1653 1440 1740 prohibita
1461 1654 1554 1721 malis
1576 1657 1733 1745 planetis,
1763 1665 1825 1728 soli
1850 1667 1875 1752 ἵ)
1901 1678 1935 1730 et
1959 1663 1990 1727 δ’

155 1795 253 1842 sacra
271 1783 381 1851 mant,
411 1768 513 1833 veluti
541 1787 608 1832 sua
650 1765 739 1851 Ergo
761 1764 848 1830 hund
877 1766 973 1834 dubie
996 1769 1090 1858 lepus
1119 1769 1142 1855 5
1175 1783 1232 1834 ant
1252 1776 1284 1838 δ’
1307 1770 1497 1853 symbolum.
1539 1774 1640 1841 Porro
1660 1777 1754 1864 lepus
1774 1783 1887 1867 piscis,
1909 1793 1991 1846 teste

153 1891 297 1959 Aeliano
319 1885 480 1972 <11.to.)‚
503 1880 648 1947 mortifer
667 1894 748 1947 erat.
791 1879 887 1958 Quod
905 1884 994 1950 haud
1016 1885 1113 1952 dubie
1134 1890 1232 1953 etiam
1253 1888 1294 1952 de
1316 1885 1427 1972 lepore
1448 1895 1594 1956 terrestri
1618 1893 1817 1962 credebatur.
1861 1894 1992 1963 'l'onen-

154 2008 234 2072 dum
255 2006 355 2084 enirn,
379 1999 571 2066 animalibus
591 1999 706 2068 eodem
727 2003 855 2066 nomine
879 2003 1068 2088 appellatis,
1092 2007 1161 2072 aue
1182 2005 1246 2070 sint
1269 2007 1453 2087 terrestria,
1481 2009 1551 2072 siue
1572 2013 1737 2096 aquatica,
1758 2012 1880 2078 similes
1902 2015 1990 2080 viras

152 2119 304 2189 adscribi.
341 2117 469 2208 Deinde
482 2118 739 2204 frequentissime
752 2121 956 2205 reperiuntur
968 2120 1096 2208 lepores
1114 2125 1148 2188 in
1169 2125 1383 2188 monumentis
1397 2120 1639 2210 sepulcralihus,
1663 2141 1699 2192 vt
1716 2130 1751 2193 in
1769 2129 1988 2218 sarcophagis,

151 2239 263 2321 aens,
290 2229 422 2302 iactus
451 2235 613 2318 (Kreuzer
628 2233 737 2320 Symb.
753 2236 927 2324 nisos).
971 2235 1248 2314 Quemadmodum
1277 2261 1355 2305 vero
1382 2243 1408 2318 b
1444 2243 1545 2329 signis
1575 2241 1706 2309 mussi
1735 2252 1764 2326 ἦ
1803 2259 1837 2312 et
1866 2264 1912 2314 stt
1940 2260 1989 2312 at·
2051 2233 2052 2238 ἵ

150 2379 214 2446 que
245 2354 376 2421 Inferna
403 2355 437 2417 in
464 2354 667 2438 uniuersum,
697 2355 845 2444 sepulcro
874 2354 1038 2438 Osiridis,
1052 2368 1214 2442 praestat,
1237 2359 1284 2422 ita
1306 2371 1339 2422 et
1367 2356 1546 2445 hypogaeis
1576 2373 1610 2425 et
1634 2365 1849 2429 monumentis
1879 2363 1987 2451 septul-
2024 2433 2035 2457 .

149 2470 294 2539 cratibus
327 2471 457 2535 omnino
493 2468 519 2552 i)
556 2492 707 2556 praeesse
736 2470 843 2538 debet.
893 2470 1003 2548 Quare
1031 2472 1123 2560 lepus
1154 2473 1180 2561 i)
1213 2487 1299 2539 recte
1324 2476 1356 2538 in
1382 2479 1597 2542 monumentis
1623 2478 1855 2563 sepulcralibus
1885 2501 1986 2567 appa·

149 2602 213 2656 ret.
258 2589 357 2653 Porro
385 2585 490 2672 lepori
516 2590 682 2677 oniasque
713 2610 814 2656 sexus
841 2602 958 2655 natura
986 2590 1137 2655 tribuitur
1164 2590 1248 2678 apud
1278 2589 1450 2656 Aelianum
1477 2591 1512 2673 (l.
1535 2595 1599 2675 c.)‚
1635 2593 1721 2678 quod
1751 2617 1816 2662 non
1841 2597 1926 2662 cadit
1952 2601 1987 2663 in

154 2712 195 2786 9,
217 2703 278 2772 sed
298 2708 332 2770 in
356 2705 381 2790 i)
406 2705 525 2791 potius.
568 2705 622 2771 Sic
642 2705 747 2774 Athor
769 2704 831 2792 (b)
852 2709 961 2772 omnia
982 2727 1028 2770 ex
1048 2728 1084 2770 se
1107 2709 1318 2792 progenuisse
1339 2707 1464 2772 dicitur.
1508 2704 1635 2771 Deinde
1654 2707 1845 2773 Plutarchus
1861 2711 1986 2798 (Symp.

146 2824 211 2891 IV.
232 2846 265 2911 q.
286 2823 333 2906 5.)
362 2822 424 2902 ait,
458 2821 633 2886 celeritate
660 2820 868 2886 exaudiendi
894 2822 1035 2906 leporess
1063 2820 1142 2883 aliis
1169 2828 1311 2885 anteire.
1354 2819 1451 2884 Cuius
1472 2818 1692 2884 admiratione
1714 2821 1808 2888 ducis·
1827 2822 1989 2912 Aegyptii
2090 2907 2095 2915 Ι

143 2947 180 3006 ιἰι
203 2944 275 3006 sais
293 2943 400 3002 sacris
421 2936 530 3002 lituis
549 2943 644 3022 picto
669 2937 780 3024 lepore
801 2937 948 3003 coisses·
974 2935 1038 3019 (ir)
1062 2932 1261 3015 significent.
1305 2931 1413 3010 Quum
1436 2939 1520 3000 enirn
1546 2933 1701 3023 astrologi
1726 2941 1750 3004 i>
1776 2952 1924 3024 gustum,
1954 2945 1977 3012 ῼ

142 3071 177 3121 et
198 3056 222 3126 ἕ
245 3053 415 3120 odoratum
435 3065 468 3118 et
487 3073 594 3133 nares,
613 3053 650 3122 Θ
669 3057 786 3136 visum,
808 3061 835 3137 4
857 3062 978 3115 tactum
993 3048 1183 3125 tribueriat3
1203 3053 1356 3136 sequitur,
1381 3055 1527 3138 quintum
1548 3073 1677 3117 sensam
1700 3053 1815 3118 cadere
1835 3057 1869 3120 iu
1895 3054 1922 3128 i)
1949 3073 1982 3124 et

142 3182 189 3255 d,
213 3171 271 3237 vel
290 3175 398 3256 potius
418 3173 452 3236 in
479 3169 521 3254 a,
540 3170 593 3233 cui
614 3167 732 3233 dextra
754 3191 791 3236 ac
809 3169 964 3256 primaria
985 3169 1073 3232 auris
1092 3181 1279 3232 consecrata
1298 3169 1360 3234 luit
1382 3168 1425 3251 (l.
1441 3176 1471 3252 ς.
1484 3173 1537 3236 47.
1553 3190 1586 3254 p.
1601 3170 1680 3256 60.)
1723 3170 1813 3258 Ergo
1832 3170 1925 3261 lepus
1949 3178 1976 3244 is

137 3287 322 3376 significat.
365 3285 518 3352 Ceterum
538 3285 602 3350 huc
623 3299 764 3371 spectat,
783 3285 868 3374 quod
887 3287 921 3350 in
942 3255 1157 3350 modumeutis
1178 3282 1341 3350 Bacchicis
1360 3283 1488 3371 lepores
1508 3289 1712 3372 reperiuntur
1733 3286 1828 3354 malis
1849 3313 1980 3358 vescen-

137 3421 204 3472 tes.
252 3403 324 3468 Etsi
347 3401 409 3467 hoc
430 3401 470 3467 ad
497 3403 548 3484 i),
573 3400 844 3488 hemisphaerium
872 3401 1006 3466 inferius
1037 3402 1272 3484 moderantem,
1302 3404 1443 3468 omnium
1474 3424 1583 3468 rerum
1611 3406 1837 3472 contritionem
1864 3409 1980 3475 referri

133 3523 268 3611 possin
289 3517 445 3606 profiteor
465 3531 592 3601 tmnen,
611 3509 738 3584 facilius
758 3519 819 3585 hoc
840 3516 1016 3603 explicari,
1043 3539 1141 3604 quusn
1158 3517 1285 3605 lepores
1307 3518 1346 3582 ad
1369 3527 1392 3598 2
1414 3521 1608 3586 referuntur.
1651 3521 1797 3587 Bacchus
1822 3527 1907 3588 eninr
1929 3541 1979 3590 est

134 3647 175 3724 Θ
200 3632 400 3706 autumnalis
420 3637 454 3699 in
472 3649 529 3715 α,
554 3642 577 3714 ῼ
601 3635 749 3717 domurn,
769 3636 966 3723 ingrediens.
1007 3633 1094 3710 Hinc
1117 3637 1150 3699 in
1174 3637 1328 3702 comitatu
1347 3634 1465 3701 Racohi
1486 3636 1680 3720 pantherae,
1709 3636 1845 3719 hedera,
1874 3636 1977 3723 pelles

134 3752 361 3835 hinnulorum,
384 3774 505 3818 cornua
525 3751 617 3836 hirci,
638 3753 753 3830 mulus,
774 3755 849 3818 ritis
872 3755 1004 3840 eiusque
1024 3755 1152 3839 generis
1175 3751 1238 3816 alia
1254 3755 1466 3838 reperiuntur,
1490 3774 1573 3838 quae
1593 3750 1721 3837 quidem
1740 3754 1849 3818 omnia
1871 3755 1895 3838 ῼ
1917 3754 1975 3820 do·

132 3874 259 3937 minam
285 3882 326 3938 ὣ
354 3871 535 3957 designaut.
578 3861 650 3934 Iam
680 3870 815 3936 eandem
844 3869 886 3936 ob
911 3889 1042 3935 causam
1064 3871 1161 3933 etiam
1181 3866 1309 3953 lepores
1334 3869 1431 3934 iuxta
1456 3867 1617 3934 Bacchum
1647 3870 1787 3954 exprimi
1814 3870 1974 3936 uidentur.

130 3989 286 4069 Accedit,
311 3984 396 4074 quod
416 3985 522 4072 lepori
543 3984 735 4062 adscribitur
756 4009 882 4052 summa
902 3985 1114 4068 foecunditas,
1137 4006 1219 4072 qnae
1244 3991 1267 4063 2
1290 3998 1350 4050 est.
1392 3985 1507 4070 ltaque
1533 4004 1597 4051 non
1621 3984 1778 4056 absonum
1801 4000 1861 4070 est,
1882 3986 1972 4074 lepo-

68 4079 71 4084 ἱ
129 4129 199 4172 rem
222 4118 258 4170 et
288 4103 339 4189 ι),
362 4116 395 4167 et
415 4106 442 4186 2
464 4085 658 4190 significare.
702 4102 861 4168 Ceterum*
885 4103 925 4168 de
949 4102 1116 4180 cuniculo,
1144 4123 1165 4166 a
1186 4101 1296 4187 lepore
1324 4121 1387 4165 nou
1415 4101 1542 4168 diuerso
1567 4104 1696 4191 quidem
1718 4125 1856 4189 genere,
1885 4104 1970 4170 idem

129 4223 233 4288 ualet.
284 4217 395 4295 Quare
415 4234 513 4307 puto,
532 4220 733 4304 cuniculum,
757 4223 875 4307 quippe
895 4233 1095 4288 mansuetum
1117 4231 1151 4282 et
1171 4221 1315 4284 rnaxime
1335 4218 1543 4303 foecundum,
1567 4220 1607 4284 ad
1634 4227 1683 4300 ῼ,
1703 4219 1846 4304 leporem
1866 4222 1970 4288 ferunt

133 4340 175 4404 ad
202 4339 231 4406 it
258 4339 370 4424 potius
391 4351 550 4424 spectare.
589 4387 593 4394 .
1330 4337 1333 4345 '

220 4453 348 4539 Lupus,
370 4461 475 4538 iosos,
498 4474 665 4550 oqmstqq,
693 4458 717 4539 ζ
744 4452 915 4541 significat.
957 4453 1058 4520 ’l'este
1072 4454 1209 4521 Aeliano
1223 4453 1318 4541 (XII.
1333 4455 1411 4540 40),
1428 4451 1593 4518 colebatur
1611 4453 1646 4517 in
1668 4453 1786 4538 templo
1808 4454 1968 4543 Apollinis

132 4566 374 4656 Delpniatt),
389 4587 486 4662 atque
499 4571 678 4658 symbolum
687 4571 848 4659 Apollinis
863 4572 1044 4640 habebatur
1058 4573 1146 4660 (Aul.
1155 4571 1202 4638 X.
1212 4570 1292 4655 26),
1307 4575 1362 4656 qni
1377 4575 1444 4657 ipse
1462 4569 1502 4634 ab
1514 4569 1658 4635 Homero
1675 4568 1761 4635 filius
1775 4569 1871 4656 lupae
1885 4573 1967 4658 (Ly-

131 4683 295 4770 cogenea)
312 4691 503 4776 appellatas,
518 4689 589 4756 aliis
604 4689 722 4775 Apollo
735 4688 865 4775 Lycius,
886 4705 922 4756 vt
936 4691 1133 4758 discernatur
1150 4687 1191 4754 ab
1208 4687 1359 4774 Apolline
1372 4684 1503 4752 Phoebo
1519 4689 1599 4769 (Θ).
1631 4687 1713 4752 Item
1734 4687 1828 4775 lupus
1844 4692 1965 4756 amicus

131 4799 224 4868 Solis
235 4800 421 4887 putabatur,
434 4809 519 4875 rade
536 4821 568 4872 et
582 4825 695 4888 annus,
712 4818 793 4870 teste
809 4805 945 4872 Aeliano
958 4807 995 4886 (1.
1005 4809 1058 4889 a),
1077 4811 1217 4886 λυκαβας
1232 4784 1419 4871 vocabatur.
1451 4802 1544 4881 Quae
1559 4807 1665 4870 omnia
1678 4805 1796 4876 cadunt
1806 4808 1840 4871 in
1858 4806 1882 4887 ἕ
1907 4827 1962 4871 oo·

129 4921 250 4986 mitem
268 4917 313 5002 Θ,
327 4927 383 5011 qul
397 4947 469 4992 cusu
482 4937 518 5007 Θ
531 4927 606 4991 anni
623 4923 790 4988 decursum
806 4922 964 4988 describit.
992 4923 1078 4988 llinc
1090 4924 1125 4985 in
1142 4923 1247 4986 nuruis
1260 4921 1392 5008 Argiuis
1408 4935 1504 5009 caput
1517 4920 1688 5008 Apollinis,
1706 4921 1797 4988 lauro
1813 4921 1881 5007 (ii)
1896 4924 1963 4991 cin·

127 5054 234 5121 ctum,
251 5052 347 5128 atque
359 5039 428 5128 lupi
441 5039 547 5130 figura
557 5044 759 5108 conducatur
771 5037 936 5120 (Pelleriu.
948 5037 1025 5104 Rec.
1035 5036 1063 5103 1.
1074 5036 1119 5123 pl.
1128 5041 1181 5100 20.
1197 5049 1229 5102 ιι.
1242 5043 1271 5104 1.
1282 5037 1341 5126 4.).
1362 5039 1510 5130 Denique
1524 5039 1620 5127 lupus
1636 5038 1802 5106 colebatur
1815 5051 1882 5106 tum
1896 5040 1962 5126 Ly·

125 5154 242 5246 copoli
259 5158 297 5221 in
308 5161 475 5245 prouincia
490 5158 636 5226 Busiride
653 5161 667 5245 (
676 5163 735 5240 a),
753 5169 821 5222 tum
835 5153 993 5241 Lycopoli
1007 5155 1249 5240 septentrionali
1269 5155 1310 5222 ab
1322 5156 1581 5244 Aphroditopoli,
1598 5179 1680 5244 quae
1692 5155 1885 5246 respondent
1904 5157 1959 5220 de-

125 5279 240 5342 curiae
254 5281 287 5362 ξ’
300 5277 334 5343 in
359 5253 562 5364 :tipsiqued
579 5277 772 5362 prouinciae,
785 5296 843 5342 seu
858 5281 913 5350 Π.
957 5272 1050 5341 Adde
1065 5273 1171 5340 locum
1186 5273 1406 5363 Horapollinis
1424 5273 1570 5365 (1132),
1587 5297 1650 5363 quo
1662 5273 1773 5362 lupum
1788 5287 1820 5338 et
1833 5290 1956 5348 canem,
