4882 6098
1158 491 1526 572 -290-

430 710 469 768 12
490 701 621 767 zodiaci
643 697 753 782 Signa.
797 689 907 792 Media
934 685 1074 769 rudique
1093 705 1188 768 pars,
1219 697 1255 748 vt
1276 685 1439 762 diximus,
1467 679 1692 767 Horoscopum
1713 681 1879 765 exprimit.
1922 680 1993 745 lum
2017 701 2096 746 sero
2118 679 2199 745 baec
2222 687 2260 746 12

431 817 563 885 zodiaci
584 817 684 902 Signa
703 811 754 875 bis
775 806 838 870 alio
859 807 892 867 iu
912 801 983 866 loco
1003 811 1205 884 repetuntur,
1226 819 1342 883 nempe
1361 798 1620 889 inscriptionibus
1636 781 1840 862 'lateralibus
1885 798 2020 864 Literae
2041 799 2125 862 enim
2147 795 2216 862 S'l'
2234 799 2264 860 V

433 937 469 1000 X
483 935 514 998 Y
533 933 563 997 A
576 930 603 996 B
616 928 684 993 Β2.
706 926 733 991 C
748 925 779 990 D
796 923 823 988 E
845 915 870 983 F
900 917 1011 982 eedem
1032 915 1161 980 zodiaci
1182 915 1284 1001 Signa
1305 928 1568 1000 repraesentant,
1597 934 1681 1004 quae
1703 912 1829 980 duobus
1849 916 1884 977 iu
1908 913 2083 996 lateribus,
2111 917 2266 1000 oppositis

433 1050 559 1138 quidam
581 1046 642 1126 bis,
665 1056 763 1127 etque
784 1043 818 1104 ia
840 1050 933 1124 parte
954 1031 1085 1098 tabulae
1109 1031 1277 1119 principali
1299 1048 1485 1099 cernuntur.
1529 1031 1659 1096 Scilicet
1681 1031 1796 1096 diuiaio
1818 1044 1879 1106 est,
1898 1030 1953 1094 vel
1974 1036 2104 1096 abitinas
2117 1027 2267 1116 fiamque

432 1169 529 1230 onius
556 1159 749 1224 Zode'ncolt'e
777 1153 892 1239 Signi,
920 1148 977 1214 obt·
1000 1147 1087 1212 dene
1111 1167 1275 1232 pmeoaoe
1302 1158 1401 1233 tergo
1429 1146 1494 1212 ride·
1519 1157 1715 1213 accurunt.
1768 1149 1822 1212 Ex
1852 1167 1932 1230 quoe
1946 1149 2111 1232 sequitur,
2141 1147 2268 1233 singula

435 1301 581 1367 quaeque
601 1277 701 1361 Signa
724 1271 826 1336 tribus
848 1267 1005 1354 personia,
1028 1268 1177 1350 exceptis
1195 1263 1366 1346 nonnullis,
1391 1267 1548 1350 exprimi:
1571 1264 1818 1349 Oecodenpota,
1841 1261 2125 1350 Trigonodespota
2146 1277 2181 1328 et
2201 1262 2266 1327 Το-

438 1395 719 1482 tragonodespota.
760 1385 828 1452 vbi
848 1383 957 1470 plures
976 1382 1123 1446 inuenies
1142 1401 1314 1466 personas,
1338 1399 1435 1468 quam
1453 1395 1530 1462 tres,
1552 1380 1598 1446 ibi
1619 1379 1752 1470 plaude
1771 1397 1933 1446 versatur.
1977 1379 2137 1446 Nimirum
2157 1401 2266 1466 quem-

439 1511 610 1576 admodum
635 1510 669 1571 in
690 1500 870 1571 Monolitbo
892 1499 1038 1578 Αιιιοιίιι,
1067 1500 1115 1562 ita
1142 1511 1175 1561 et
1192 1498 1247 1561 bic
1267 1496 1418 1582 planetae
1444 1499 1591 1582 personis
1618 1496 1745 1584 pnsill'n
1766 1495 1986 1583 significantur
2013 1499 2097 1560 inter
2115 1511 2269 1582 patronos

440 1629 613 1716 signorum
634 1623 757 1709 positis.
799 1615 893 1694 Quod
915 1616 1089 1700 Siguornm
1108 1613 1251 1678 ordinem
1274 1616 1407 1695 attinet,
1430 1611 1551 1678 clarum
1573 1628 1642 1697 est,
1672 1635 1770 1700 quum
1791 1617 1826 1679 in
1848 1615 1953 1678 medie
1978 1627 2073 1699 parte
2093 1627 2265 1700 quaternae

441 1747 615 1812 diuisionen
636 1742 700 1804 siut
720 1733 821 1798 tribus
837 1736 871 1797 in
891 1730 1004 1796 Lineis
1023 1727 1294 1811 boriuontnlibua,
1317 1743 1430 1794 ternae
1449 1751 1527 1794 vero
1547 1734 1581 1795 in
1599 1731 1712 1796 Liueis
1731 1729 1940 1797 verticalibus
1959 1744 2114 1817 quatuor,
2135 1743 2172 1796 ιιι
2189 1735 2268 1797 aeci·

442 1861 542 1924 ditia
563 1849 745 1924 Monolitbo
766 1851 895 1917 Amosia
916 1842 1136 1928 (Tab.Vll.);
1156 1845 1240 1923 inde,
1259 1849 1399 1933 inquam,
1418 1849 1630 1934 cognoscitur,
1653 1847 1755 1935 Signa
1775 1849 1906 1914 zodiaci
1929 1849 2104 1919 secuudum
2126 1846 2270 1934 Trigona

444 1991 538 2062 atque
566 1970 772 2058 Tetragona,
801 1986 863 2030 neo
889 1985 953 2029 non
981 1962 1154 2026 seeundum
1182 1961 1407 2048 Tempeeteus
1433 1964 1503 2027 siue
1533 1962 1685 2030 'l'rientaa
1710 1980 1888 2052 compo-ta
1916 1982 1998 2031 esse·
2049 1963 2089 2028 ln
2118 1963 2271 2030 lateribus

443 2113 522 2158 vero
540 2087 642 2154 babes
671 2083 712 2148 eb
732 2083 834 2148 altera
853 2093 946 2167 parte
966 2077 1067 2164 Signa
1095 2078 1268 2146 secuudum
1289 2079 1493 2166 Hexagona,
1519 2078 1561 2143 ab
1586 2079 1690 2147 altare
1714 2085 1889 2149 secuudum
1910 2081 2057 2168 'l'rigona
2084 2075 2271 2176 composita.

444 2210 593 2293 Denique
619 2221 715 2289 quum
746 2200 915 2286 adspectus
943 2196 1144 2283 planetarum
1166 2203 1196 2268 Δ
1215 2199 1254 2277 [1
1271 2205 1308 2271 -χ-
1326 2198 1361 2260 ἰιι
1382 2199 1597 2260 monumentis
1618 2204 1840 2266 astronomicis
1867 2199 2095 2279 notentur,'vt
2115 2197 2269 2279 uidimus3

444 2345 548 2411 neque
568 2321 631 2384 boc
652 2319 787 2398 mirum,
818 2329 911 2400 perte
933 2313 1063 2379 tabulae
1082 2325 1211 2376 nostrae
1239 2311 1346 2376 media
1367 2311 1515 2397 planetae
1538 2315 1585 2376 ita
1615 2311 1720 2377 denuo
1748 2313 1921 2400 disponitor
1943 2335 2031 2396 esse,
2061 2327 2103 2397 vt,
2120 2314 2271 2394 eluceret,

446 2441 500 2526 qui
520 2434 670 2522 planetae
696 2447 803 2498 essent
831 2446 906 2498 tuno
933 2432 1087 2516 temporis
1108 2427 1221 2492 eodem
1241 2431 1275 2492 in
1297 2427 1443 2514 'l'rigono
1465 2442 1522 2492 aut
1545 2425 1743 2516 'l'atregono
1788 2430 1840 2495 De
1870 2430 2023 2516 adspectu
2055 2433 2142 2495 enim
2160 2429 2272 2495 sextili

448 2567 549 2644 agunt
575 2551 679 2616 latera
707 2548 769 2612 duo
799 2547 893 2614 s-Y.
917 2547 1015 2615 a-F.
1057 2544 1189 2630 ltaque,
1213 2547 1247 2613 ,si
1274 2543 1417 2610 breuiter
1444 2558 1590 2632 repetere
1616 2545 1693 2610 boet
1722 2548 1824 2628 dicta,
1854 2545 1914 2612 bas
1933 2546 2026 2633 leges
2055 2543 2273 2614 obseruandas

446 2670 620 2748 habentne,
643 2687 705 2752 qno
727 2666 832 2730 minus
851 2663 994 2728 indolem
1017 2673 1051 2726 et
1068 2681 1197 2727 aeneum
1218 2657 1365 2726 Tabulae
1385 2661 1509 2727 Idaeae
1531 2683 1749 2749 assequamur.

479 2871 485 2883 .
535 2803 567 2885 1)
590 2803 685 2866 Parte
705 2795 853 2862 Tabulae
880 2797 987 2861 medie
1016 2797 1220 2861 conducetur
1250 2802 1291 2860 12
1313 2795 1443 2860 zodiaci
1463 2795 1565 2882 Signa
1592 2795 1740 2862 versibus
1769 2793 2022 2862 horiaoutnlibus
2041 2797 2165 2858 ratione
2179 2791 2274 2871 Quu-

452 2914 691 3002 drangulorum,
712 2911 920 2977 verticalibus
938 2910 1188 2999 'l'rianguloruru
1206 2913 1302 2978 modo
1323 2915 1513 2999 composita.
1556 2913 1643 2979 Area
1661 2913 1740 2997 VII,
1762 2918 1847 2982 inter
1868 2912 2009 3000 reliquas
2030 2933 2138 2979 omnes
2154 2912 2274 2993 media,

449 3036 672 3116 Horoscopnm
694 3025 823 3094 indicat.
2093 3082 2098 3090 .

536 3151 571 3232 2)
591 3142 766 3210 Lateribua
785 3145 886 3222 s-t;
907 3145 1006 3210 A-r.
1030 3145 1142 3210 eadem
1164 3155 1239 3210 aunt
1260 3144 1360 3233 Signa
1380 3145 1512 3211 zodiaci
1535 3152 1576 3210 12
1596 3148 1770 3213 secuudum
1789 3147 1975 3236 Hexngona
1994 3145 2142 3212 ordinate
2162 3147 2214 3226 (Υ
2232 3153 2274 3220 Π
2329 3217 2332 3220 ,

456 3261 784 3350 Qssssxmb

537 3379 572 3457 3)
593 3376 715 3440 Latera
737 3375 837 3457 u-1‚
859 3375 965 3441 K-ll
987 3378 1150 3442 continent
1173 3383 1213 3442 12
1232 3375 1333 3463 Signa
1354 3381 1480 3444 ratione
1500 3373 1671 3465 'l'rigouali
1692 3383 1863 3447 coniuncta
1886 3383 1981 3466 (νς
2007 3389 2039 3468 ε)
2068 3379 2146 3464 eet.)

536 3509 571 3591 t)
595 3507 718 3584 Quouis
739 3511 772 3570 iu
794 3507 894 3593 Signo
916 3510 1135 3574 discernuntur
1157 3509 1399 3596 Oecodespote,
1430 3514 1548 3598 quippe
1571 3509 1643 3577 loco
1664 3514 1771 3579 medio
1793 3518 2004 3596 constitutus,
2027 3515 2101 3578 bino
2120 3511 2277 3596 'l'rigono-

453 3629 587 3714 deapota
606 3639 640 3689 et
659 3623 982 3711 'l'etragonodespota
1002 3629 1162 3714 utrinque.
1207 3626 1463 3715 Oeoodeapotam
1491 3629 1654 3716 praecedit
1674 3627 1976 3718 Trigonodespota,
2000 3633 2143 3717 sequitur
2164 3623 2276 3692 'l'etra-

453 3744 690 3831 gonodeapota,
719 3745 867 3828 exeeptis
894 3743 934 3807 iis
952 3740 1032 3808 locis
1059 3746 1093 3808 in
1120 3747 1279 3831 margine,
1308 3743 1424 3831 quibus
1445 3746 1597 3831 planetae
1619 3747 1788 3834 longitudo
1811 3751 1990 3814 accuratius
2021 3745 2192 3826 definitur,
2224 3758 2276 3809 ant

451 3861 637 3944 symmetria
657 3856 857 3923 obserantur.

537 3995 572 4075 b)
594 3989 660 4054 Vbi
682 4011 746 4054 non
768 3991 830 4054 nisi
850 3991 931 4055 duae
947 4015 1102 4079 personae
1123 3996 1158 4057 in
1184 4014 1249 4058 vno
1271 3991 1370 4078 Signo
1393 4007 1566 4080 appetent,
1596 3993 1718 4060 scilicet
1740 3999 1774 4060 in
1796 3995 1963 4080 lateribus,
1987 4020 2030 4062 ex
2049 3953 2160 4084 dignis
2180 4017 2278 4082 eppo·

452 4112 533 4191 dtis,
554 4107 739 4192 proximum
764 4127 879 4170 numen
902 4109 1062 4174 auxiliare
1082 4109 1255 4195 petendum
1275 4125 1335 4174 est.
1380 4108 1476 4186 Quod
1498 4112 1667 4177 breuitatis
1687 4135 1784 4179 cause
1807 4115 1935 4179 eccidit.

535 4243 570 4325 6)
592 4237 661 4303 Vbi
681 4237 774 4324 plura
797 4241 929 4304 numina
951 4242 984 4304 in
1005 4263 1069 4305 vno
1091 4243 1190 4330 Signo
1211 4265 1306 4329 quam
1329 4247 1392 4312 tria
1413 4261 1586 4311 cernuntur
1607 4250 1641 4310 iu
1663 4247 1762 4312 lando
1782 4251 1906 4335 posita,
1937 4247 2064 4334 planeta
2086 4245 2285 4308 constitutus

453 4375 523 4440 est,
543 4359 634 4423 cuius
651 4352 741 4418 locus
766 4354 838 4420 aliis
858 4355 1042 4420 numinibus
1064 4356 1218 4437 Decann,
1242 4359 1490 4443 Horiocratora,
1522 4363 1791 4430 Dodecatemorio
1813 4380 1846 4429 et
1866 4365 1978 4431 Maera
2000 4347 2177 4424 accuratius
2199 4360 2283 4425 deli·

452 4479 549 4556 nitur,
572 4493 644 4538 curu
666 4469 780 4557 quibus
793 4470 924 4557 planeta
945 4474 1132 4539 coniunctus
1145 4479 1205 4550 sit;
1228 4491 1262 4540 vt
1277 4477 1409 4564 reliquis
1425 4482 1459 4543 in
1479 4481 1627 4546 omnibus
1641 4480 1759 4547 tabulis
1786 4480 1861 4565 (lv.
1876 4481 1921 4545 V.
1937 4477 1995 4542 vl.
2013 4473 2105 4557 vn.)
2128 4477 2281 4542 vidimus.

537 4620 574 4702 7)
593 4617 747 4683 Plauetee
760 4623 984 4705 exprimuntur
1001 4626 1147 4707 personia
1166 4623 1293 4710 pusillis
1313 4627 1426 4691 mediis
1446 4626 1576 4694 tabulae
1595 4630 1795 4715 inpartibus
1813 4624 2009 4715 (l-XIIL),
2034 4637 2131 4710 atque
2146 4625 2180 4688 in
2201 4623 2284 4688 lnte·

451 4733 540 4800 ribus
560 4732 739 4798 iudicantur
759 4735 912 4817 symbolis
933 4744 1032 4806 sacris
1044 4741 1269 4829 Oecodeapota
1286 4741 1492 4809 inferioribus
1512 4747 1679 4832 dignitate,
1701 4749 1787 4812 inter
1797 4744 1919 4810 medios
1933 4741 2107 4829 Signorum
2128 4754 2283 4827 patronos

451 4854 576 4936 positis·
620 4846 713 4926 Quae
733 4848 835 4935 858⁰&
855 4853 1052 4942 tl—xltl.)
1075 4862 1239 4926 continent
1260 4857 1405 4942 symbola
1430 4859 1632 4945 planetarum
1654 4861 1836 4945 nobiliore,
1859 4883 1898 4926 ea
1919 4863 1993 4946 ipsa
2015 4873 2088 4924 sunt
2108 4861 2240 4943 proprie
2265 4880 2283 4919 a

451 4964 589 5051 planede
610 4980 777 5053 occupata.

536 5103 571 5183 8)
592 5095 664 5172 Quo
683 5099 755 5166 loeo
776 5099 978 5188 planetarum
1000 5103 1169 5218 adspectus
1188 5119 1219 5184 Δ
1241 5125 1274 5176 et
1301 5115 1339 5192 Π
1364 5112 1543 5196 indicetur,
1575 5114 1619 5182 ibi
1639 5113 1842 5201 planetarum
1863 5109 2010 5198 symbola
2031 5109 2192 5174 inferioris
2214 5109 2285 5192 dig-

450 5216 560 5286 nitatis
579 5218 718 5299 repetita
743 5234 925 5284 cernuntur.
