4904 6100
1189 528 1558 614 -trt—

457 741 571 810 eodem
600 739 725 804 eireiter
744 731 847 818 gradu
870 727 1061 794 eoniuuotim
1086 726 1253 805 oriuntur,
1290 737 1326 788 rt
1354 720 1485 788 tabulae
1514 721 1749 790 astronomicae
1777 719 1904 786 doeeut.
1947 718 2061 808 ltaque
2083 721 2173 788 haud
2197 723 2291 788 laeile

456 857 638 946 negabitur,
663 851 787 915 lauram
815 847 837 918 li
867 865 937 910 aare
959 839 1157 928 symbulum,
1180 852 1247 905 tum
1269 839 1453 926 Apollinem
1474 837 1585 904 valere
1610 833 1651 923 e,
1673 837 1811 925 denique
1831 845 1852 902 0
1875 823 2036 923 Apollihie
2056 839 2169 908 Μιιιιι
2190 843 2293 928 tigui-

455 977 554 1042 fioure
575 985 687 1034 nouem
711 984 812 1027 aanor
832 981 945 1048 vagor,
971 957 1087 1046 quibua
1112 959 1151 1039 li,
1176 959 1292 1044 qnippe
1311 956 1479 1023 literarum
1500 969 1533 1020 et
1553 959 1670 1022 artium
1688 969 1854 1042 patronam,
1875 953 1992 1021 eumd
2020 968 2054 1020 et
2072 953 2108 1024 Θ
2128 973 2292 1044 operatur,

457 1093 531 1156 hino
552 1084 719 1171 negotium
744 1101 837 1144 tuum
860 1078 966 1142 denuo
989 1078 1122 1162 mroipit
1149 1089 1181 1139 et
1204 1077 1407 1161 persequitur
1427 1095 1486 1160 per
1506 1095 1622 1140 nouem
1645 1095 1757 1142 aunon.
1801 1073 1955 1140 Ceterum
1983 1087 2191 1161 tempeetater
2212 1100 2294 1164 quo·

457 1227 520 1294 que
543 1205 620 1268 anui
640 1215 707 1266 tree
728 1199 912 1283 cogitantur
934 1195 1076 1273 numina,
1099 1213 1182 1278 quae
1204 1191 1288 1277 apud
1312 1191 1454 1256 Graecae
1470 1189 1583 1256 Horae
1601 1191 1722 1274 (lrene,
1737 1193 1907 1271 Eunomia,
1929 1191 2036 1277 Dite),
2057 1192 2143 1278 apud
2163 1193 2294 1282 Aegyp-

456 1328 519 1390 tios
540 1316 723 1405 Camephee
745 1316 909 1398 (Ammon,
932 1309 1052 1393 Phtha,
1073 1308 1205 1392 Osiris),
1230 1309 1314 1393 apud
1334 1308 1433 1374 Indua
1454 1305 1629 1374 Trimurtin
1646 1308 1816 1393 (brahma,
1838 1309 1995 1392 Vitehuu‚
2017 1309 2111 1394 Sina)
2129 1324 2294 1375 rorantur.
2441 1379 2442 1382 Ἴ

457 1443 549 1508 Haeo
571 1450 680 1504 eutem
696 1431 840 1499 'l'riuitaa
860 1427 1028 1518 gentilium
1050 1447 1114 1490 uon
1135 1427 1309 1512 respondet
1329 1423 1546 1508 Chrietiauae,
1568 1438 1607 1492 vt
1627 1439 1799 1512 putaruut3
1819 1426 1875 1492 red
1896 1426 2000 1493 tribur
2022 1425 2154 1492 Zudiaoi
2173 1441 2294 1492 tetram

463 1559 552 1624 tihue
575 1557 622 1640 (p.
640 1551 719 1638 14.).

542 1673 658 1746 botos,
681 1666 856 1736 molitores,
878 1667 990 1741 iterur,
1011 1665 1194 1741 μελιλωτος,
1217 1672 1242 1743 p
1265 1656 1457 1741 rymholum.
1493 1659 1639 1726 Vidimur
1661 1662 1702 1726 de
1722 1659 1846 1738 fabula,
1865 1683 1939 1748 qna,
1963 1673 2060 1748 quum
2074 1660 2178 1728 Osirin
2198 1659 2294 1724 Nilne

458 1813 530 1858 enm
554 1785 707 1874 Nephthy
729 1785 784 1867 (ii)
805 1798 997 1865 oougretrua
1019 1790 1114 1854 eruet,
1133 1774 1221 1839 latua
1239 1795 1297 1838 aeu
1319 1775 1480 1840 melilotua
1496 1775 1655 1861 prodiisse
1676 1775 1803 1844 dieitur.
1846 1779 1935 1865 Ergo
1956 1775 2046 1844 letne
2069 1769 2096 1841 Ῑ)
2123 1775 2294 1864 eiguil'teat.

454 1910 530 1976 Hae
553 1915 696 1993 apeotut,
727 1898 811 1986 quod
836 1895 893 1961 Sol
923 1897 1047 1972 οιίιιιιι,
1083 1895 1105 1958 i.
1125 1913 1154 1958 e.
1175 1895 1266 1993 luz
1298 1891 1362 1978 (b)
1390 1894 1530 1973 intraue,
1563 1891 1746 1980 fingebatur
1769 1891 2292 1979 lotointideue(l'lut.1r.356.)‚

365 2083 372 2094 ,
461 2025 545 2114 quod
567 2023 787 2106 Harpocraten
808 2015 859 2098 (Θ
877 2016 911 2078 iu
939 2018 992 2099 56)
1021 2009 1157 2078 tenellae
1179 2007 1372 2095 pingebatur
1393 2011 1427 2074 in
1449 2007 1516 2074 loto
1538 2010 1637 2092 (Plut.
1653 2012 1749 2096 Pyth.
1762 2035 1848 2081 orae.
1863 2035 1896 2100 p.
1913 2017 1990 2078 400.
2004 2012 2049 2077 lo.
2067 2013 2168 2096 378.)
2211 2009 2293 2078 Hine

457 2145 596 2210 imorum
614 2136 693 2216 loti,
715 2145 751 2198 rt
769 2133 877 2197 omnia
897 2127 1088 2216 Typhouia,
1112 2125 1345 2193 auertabeutur
1370 2128 1555 2201 eaoertloter
1579 2127 1927 2215 (cio.1)inio.1.ao.).
1970 2128 2066 2206 Quod
2087 2128 2221 2193 Proelua
2242 2131 2293 2208 (de

458 2256 564 2326 taurii.
586 2252 624 2318 1².
639 2275 672 2338 p.
688 2253 779 2332 atti.)
800 2249 901 2313 lotum
925 2255 960 2322 Θ
983 2247 1116 2311 affinem
1138 2265 1209 2308 erte
1235 2245 1328 2322 dicit,
1353 2244 1386 2306 id
1410 2244 1490 2310 mihi
1511 2259 1658 2332 epeetare
1679 2248 1807 2312 videtur
1829 2249 1869 2311 ad
1892 2253 1928 2326 Θ
1948 2249 1981 2310 iu
2002 2253 2029 2319 15
2050 2247 2202 2310 dominiis
2224 2268 2293 2310 rer·

459 2389 596 2453 nantem,
619 2382 675 2435 aut
695 2365 735 2430 ad
758 2363 895 2430 alterum
914 2363 972 2428 loti
994 2383 1108 2451 genna.
1151 2358 1304 2425 Ceterum
1326 2358 1413 2423 aliud
1436 2362 1513 2448 quid
1534 2361 1775 2448 eiguifieat·loti
1797 2363 1869 2446 tior,
1891 2365 1945 2450 qui
1966 2361 2168 2428 hauddubie
2195 2371 2220 2443 Ω
2248 2377 2294 2428 eet

459 2488 650 2580 symbolum.
695 2482 809 2550 Floret
831 2479 892 2544 leti
922 2477 1039 2544 iufilati
1067 2492 1222 2565 geruntur
1244 2498 1267 2540 a
1294 2477 1421 2542 leminis
1448 2493 1707 2546 ornamentorum
1738 2501 1870 2564 cauata,
1900 2495 1996 2568 atque
2019 2493 2162 2562 mutiat,
2189 2482 2294 2546 omnia

459 2604 700 2687 omamentass
731 2621 802 2664 eoae
831 2595 873 2680 (l.
897 2598 928 2676 0.
947 2602 1000 2663 51.
1021 2619 1053 2684 p.
1068 2599 1121 2661 65.
1146 2616 1178 2660 ιι.
1195 2595 1226 2658 3.
1240 2593 1300 2676 5.).
1349 2593 1450 2658 Ροιιο
1479 2596 1513 2658 iu
1543 2599 1649 2682 eapite
1659 2597 1834 2682 -virgiuum
1862 2599 2085 2664 venerearum
2112 2613 2296 2664 onustantur

457 2727 554 2793 florea
574 2722 633 2788 loti
656 2721 833 2805 pinguntur
854 2717 902 2799 (v.
916 2714 1074 2798 Hedera).
1119 2713 1304 2777 Etiamnum
1325 2711 1360 2775 iu
1381 2710 1494 2794 ludia,
1517 2725 1555 2778 rt
1577 2715 1698 2778 amieur
1720 2713 1798 2779 mihi
1820 2715 1929 2798 dixit,
1958 2715 2045 2781 lotar
2065 2715 2234 2781 adhibetur
2255 2717 2297 2780 ad

459 2860 612 2909 venerem
632 2834 860 2922 instigandam.
904 2831 994 2898 ldem
1013 2829 1087 2896 fieri
1108 2831 1248 2896 remitur
1269 2829 1303 2890 iu
1325 2849 1449 2914 papyro
1472 2828 1667 2898 Tauriueuti
1688 2829 1849 2898 obseoena
1871 2831 1925 2919 (B.
1941 2855 1982 2898 rn.
1997 2853 2050 2896 uo.
2069 2834 2192 2915 7808.)

544 2953 695 3035 Martae,
719 2974 857 3030 μυριος,
887 2957 911 3030 ῼ
939 2947 1123 3035 eiguifitere
1145 2948 1282 3013 videtur.
1326 2946 1363 3010 lu
1383 2946 1478 3012 lentie
1498 2948 1583 3012 euim
1605 2947 1773 3014 Baeehieia
1792 2951 1843 3030 (Θ
1864 2952 1898 3015 iu
1922 2963 1976 3031 ek,
2003 2957 2027 3028 9
2052 2947 2176 3032 danto),
2199 2947 2298 3012 adhi-

460 3070 596 3139 bebatur
616 3065 691 3130 loeo
714 3063 853 3130 hederae
876 3065 941 3150 (ῼ)
963 3079 1105 3149 myrtum
1135 3079 1218 3150 quae
1240 3078 1274 3130 et
1295 3061 1394 3150 vulgo
1415 3062 1538 3131 Veneri
1561 3063 1764 3130 tribuebatur
1785 3081 1882 3153 atque
1905 3065 2087 3132 Gratiarum
2116 3063 2297 3150 symbolum

464 3186 646 3254 habebatur
667 3181 805 3265 (Krene.
821 3180 930 3266 Symh.
944 3181 1005 3248 HL
1020 3185 1095 3246 330.
1111 3179 1139 3246 Ι.
1155 3181 1255 3266 tta).
1464 3253 1468 3260 ¹
2142 3235 2149 3244 .
2216 3180 2223 3190 '

548 3303 648 3381 Olea,
673 3300 782 3382 dieto,
806 3319 930 3386 mutar,
952 3317 1023 3381 ιιιι,
1052 3295 1286 3381 asymbolum.
1328 3298 1766 3385 strabo(xV11.p.ttu.);
1795 3295 1894 3380 Sola,
1924 3304 2048 3388 iuquit,
2072 3295 2300 3384 praefectura

463 3416 781 3508 Heracleopolitette
802 3417 894 3480 oleat
907 3415 1085 3500 perfectae
1105 3424 1140 3477 et
1154 3415 1356 3499 frugifer-er
1371 3417 1521 3502 profert.
1564 3417 1736 3502 Aegyptiae
1756 3417 1886 3504 reliqua
1909 3425 2013 3483 caret.
2031 3477 2034 3482 ,
2055 3413 2301 3501 Heracleopolin

463 3557 541 3603 vero
555 3538 591 3608 ὦ
609 3530 697 3598 vrbe.
740 3533 826 3598 Hine
844 3530 1055 3596 luctatoribus
1067 3532 1242 3600 viatoribus
1254 3533 1414 3600 nliuarum
1427 3533 1543 3600 ramuli
1561 3533 1739 3610 dabantur3
1754 3533 1828 3600 hine
1848 3537 1881 3598 iu
1897 3532 2120 3600 Samothracia
2138 3533 2180 3614 (ἃ
2200 3553 2302 3608 mm

461 3650 634 3738 Hereuler)
657 3645 771 3712 diebue
792 3647 885 3714 teatin
905 3647 1061 3736 gerebant
1082 3650 1225 3718 olearum
1249 3653 1509 3738 ramoe(Kreur.
1526 3641 1908 3738 Symb.11.³te.5ao.):
1930 3652 2005 3719 hine
2022 3651 2116 3718 eleae
2128 3650 2302 3717 Mineruae

462 3789 573 3836 tetrae
593 3764 731 3832 Athenio
752 3763 973 3842 habebantur3
1006 3766 1082 3832 hiue
1102 3769 1136 3831 in
1159 3773 1264 3836 numia
1289 3773 1386 3836 iuxta
1404 3769 1571 3837 Palladem
1599 3772 1681 3836 rami
1703 3770 1862 3836 oliuurum
1889 3769 2139 3836 excutiebantur
2158 3769 2302 3854 (Krene.

461 3882 803 3972 appallateam.
820 3885 919 3968 701.)
963 3881 1058 3959 Quod
1079 3906 1158 3950 vero
1177 3861 1342 3952 Diodorou
1363 3888 1404 3970 (l.
1417 3911 1449 3976 p.
1467 3891 1534 3974 15.)
1556 3888 1671 3970 tradit,
1701 3889 1886 3972 Aegyptios
1908 3885 2020 3952 diem
2049 3887 2155 3952 oleret
2182 3893 2303 3953 teneu-

461 4011 529 4067 ton
551 4020 574 4064 a
588 3997 780 4074 Merctor-titt
801 4019 867 4064 eoo
887 4019 976 4083 uero,
1000 4011 1039 4088 ot
1058 3999 1192 4085 Graeci,
1215 4024 1238 4067 e
1254 4003 1430 4079 Miremur
1452 4007 1485 4075 td
1507 4027 1579 4070 eum
1600 4003 1821 4092 superioribus
1840 4016 1976 4092 pugnet,
1990 4007 2062 4070 niti
2083 4017 2218 4081 statuat,
2240 4017 2306 4068 aut

459 4119 642 4186 Diodorum
660 4115 779 4183 saluum
801 4138 882 4196 eane,
906 4131 963 4181 uut
983 4116 1089 4184 oleam
1111 4119 1279 4207 vulgarem
1301 4136 1334 4187 et
1354 4121 1529 4210 ignobilem
1552 4123 1592 4188 ad
1616 4133 1638 4205 tp
1663 4125 1772 4209 putiur
1787 4135 1944 4210 rpeetare.

544 4235 680 4317 Pflfflae
706 4237 823 4320 potere,
846 4253 1099 4325 attaminatur
1120 4240 1559 4334 (memoriamemorial
1581 4252 1615 4305 et
1636 4242 1782 4325 atropos)
1808 4259 1878 4330 aa,
1906 4259 1984 4315 aar
2011 4241 2134 4319 (remur
2153 4235 2313 4323 palmae)

460 4371 612 4442 tibilim,
632 4370 813 4441 aetnam,
833 4370 1008 4443 0000117,
1031 4351 1068 4424 Θ
1086 4368 1120 4419 et
1142 4354 1376 4440 iteymh'olum.
1406 4355 1515 4433 Quum
1536 4356 1644 4445 palma
1658 4359 1803 4422 maxima
1823 4361 1866 4423 uit
1884 4358 2025 4444 Aegypti
2047 4352 2153 4435 arbor,
2177 4373 2317 4439 quum.

462 4493 525 4558 que
545 4471 692 4536 maxima
713 4482 1012 4558 quaequeuaturae
1033 4475 1206 4568 progeniae
1226 4477 1372 4540 maxime
1395 4473 1556 4561 planetae,
1578 4478 1731 4542 nimirum
1750 4474 1801 4552 Θ,
1828 4477 2011 4552 anuuouiat;
2037 4493 2096 4558 per
2116 4491 2154 4536 ee
2172 4469 2316 4542 alarum

463 4599 524 4667 ert,
546 4586 685 4670 palmam
708 4585 755 4668 Θ,
776 4585 851 4650 hine
867 4585 1017 4672 planetae
1037 4592 1074 4664 Θ
1094 4589 1256 4656 ιὶιιιίΙΙίιιιο
1277 4591 1324 4678 (p.
1336 4597 1392 4658 08.
1408 4614 1436 4660 e.
1453 4596 1552 4677 135),
1575 4595 1725 4658 uiruirum
1751 4601 1787 4673 21.
1807 4593 1967 4679 propriam
1989 4611 2072 4656 erae.
2115 4588 2316 4676 Herapollo

462 4701 506 4784 (1.
523 4708 556 4765 4.
575 4699 622 4782 5.)
643 4701 785 4786 palmam
803 4703 880 4766 dieit
899 4703 1082 4792 tiguifieare
1103 4727 1222 4772 anuum
1244 4721 1277 4772 et
1299 4728 1454 4787 ιιιοιιιιιιι,
1473 4713 1626 4797 quoniam
1646 4709 1754 4796 palma
1775 4717 1817 4780 te
1837 4707 1914 4774 iolla
1935 4729 1994 4793 per
2018 4727 2138 4772 aunum
2160 4708 2318 4775 emittat.

462 4820 607 4884 lulianus
626 4815 735 4898 (Orat.
748 4820 780 4881 5.
794 4839 828 4900 p.
844 4823 917 4884 325.
936 4843 979 4887 ea.
996 4827 1086 4910 335.)
1118 4825 1237 4889 diserte
1266 4838 1419 4903 testatur,
1446 4826 1587 4913 palmam
1609 4842 1642 4893 et
1661 4828 1789 4916 palmae
1812 4830 1935 4893 lruetue
1957 4824 2028 4891 Soli
2054 4845 2167 4890 eantur
2184 4823 2318 4894 iuiaue.

463 4936 677 5002 Laetirteruia
699 4933 919 5016 sacerdotum,
941 4942 995 5024 qui
1015 4949 1050 5019 Θ
1071 4963 1196 5007 eaerum
1216 4946 1456 5028 generationem
1478 4943 1654 5024 valebant,
1680 4943 1872 5012 oouetabaut
1895 4944 1983 5010 follit
2003 4941 2183 5030 palmarum
2207 4944 2319 5026 (Por-

462 5051 555 5138 phyr.
571 5050 738 5118 Ahrth.
755 5054 786 5116 7.
802 5072 835 5137 p.
851 5055 953 5138 318.)
998 5055 1134 5124 Ouidinr
1156 5059 1281 5140 (Amor.
1297 5060 1341 5127 Π.
1359 5059 1412 5126 ΕΙ.
1427 5065 1496 5146 13.)
1523 5065 1666 5128 nominat
1693 5063 1808 5130 vrbem
1836 5059 2036 5147 palmiferam
2063 5060 2218 5135 Pharum
2267 5086 2322 5128 ex

464 5191 528 5256 quo
550 5169 705 5254 requitur,
725 5167 864 5253 palmum
887 5183 943 5235 aut
963 5169 1017 5254 Θ,
1038 5195 1136 5258 quum
1157 5198 1273 5242 nomen
1294 5179 1383 5244 rrhla
1402 5175 1566 5244 demendit
1589 5203 1610 5244 a
1627 5177 1769 5284 ψΛ-ρλ
1790 5177 1884 5263 (orbt
1903 5177 2014 5262 eolla),
2046 5190 2103 5242 aut
2124 5185 2153 5259 4
2174 5197 2325 5245 mrum

463 5283 575 5365 luiate,
596 5303 694 5369 quum
714 5283 877 5350 deriuetur
899 5307 919 5351 a
941 5283 1136 5392 ψΛ-ογρο
1160 5292 1251 5375 (orbe
1270 5299 1388 5377 regie),
1403 5295 1530 5383 vulgari
1553 5301 1744 5378 tinentiae.
1790 5295 1918 5364 llieerte
1937 5309 2046 5364 autem
2067 5294 2169 5394 tradit'
2182 5293 2327 5364 Strabo

2022 5603 2046 5643 αῖ
