4896 6096
1175 499 1511 582 -e-lld—

429 705 611 787 ‘imumque
631 696 782 762 facillime
802 683 995 780 ¹srrplicntnr.
1039 691 1124 756 Naar
1145 689 1270 782 dicha,
1294 709 1445 783 mua
1468 703 1504 757 rt
1522 689 1707 756 Herodotus
1726 691 1793 754 tun
1811 689 1957 772 monuit,
1978 689 2157 778 mocudlln‘a
2180 683 2259 758 diui·

430 837 494 903 tur‚
517 818 602 905 qnod
625 815 743 880 animal
771 813 796 896 d>
820 833 945 877 sacmm
968 821 1038 874 erut
1056 812 1120 890 Η).
1162 807 1252 874 ldem
1272 825 1336 874 rex
1354 808 1482 898 planius
1498 807 1614 874 dicitur
1634 827 1733 884 mum
1751 803 1868 898 &eng
1879 817 2032 894 potestur
2055 808 2111 876 val
2131 811 2262 878 indoles

431 935 599 1018 ermcdr'le‘·
643 931 794 996 Ceterum
814 929 889 994 huic
910 931 980 1015 regi
1003 925 1112 992 valida
1131 927 1236 1011 pestis
1258 929 1384 1011 (pdepu
1403 931 1546 1012 μεγαστη)
1570 923 1771 1007 adscribitur,
1794 943 1895 1012 qnae,
1919 939 1956 992 vt
1977 928 2132 1013 vidimus,
2158 929 2185 1016 ip
2213 945 2263 996 est

429 1049 633 1144 proprla⁵⁶).
673 1049 823 1136 Denique
844 1061 978 1114 oetanna
998 1061 1062 1109 rex
1083 1042 1170 1106 hand
1192 1039 1288 1122 dultia
1313 1056 1364 1108 est
1385 1042 1531 1110 Oetanns
1554 1040 1765 1129 Cahyrornm,
1787 1043 1858 1107 n'ne
1879 1055 1978 1111 tona.
2020 1044 2154 1112 Diserte
2176 1050 2262 1114 enlm

430 1171 528 1238 trudit
550 1167 720 1249 Glemona,
743 1167 902 1230 Oetaeos
929 1183 1001 1228 esee
1019 1159 1166 1226 scetes
1192 1161 1320 1244 ipsum,
1349 1171 1445 1246 atque
1469 1161 1503 1224 iu
1523 1179 1620 1226 numo
1639 1161 1854 1226 astronomica
1878 1158 2011 1226 laudato
2034 1163 2181 1230 Messe
2204 1185 2261 1230 sou

431 1305 517 1362 terra
537 1289 677 1352 cernitur
695 1287 728 1349 iu
752 1284 857 1348 medin
878 1278 1012 1360 circulo,
1038 1277 1170 1364 reliquis
1192 1274 1330 1362 Cuhyris
1354 1295 1413 1342 seu
1434 1277 1573 1364 planetis
1593 1291 1690 1366 atque
1709 1279 1811 1366 siguis
1830 1276 1961 1342 Zodinui
1983 1281 2179 1346 circumdate
2197 1281 2261 1366 Η).

431 1405 495 1472 Cui
522 1405 701 1470 sententiae
730 1398 942 1485 adstipulatur
971 1413 1109 1484 sequens
1134 1396 1300 1460 nominum
1327 1394 1415 1479 regis
1443 1393 1540 1462 huius
1567 1396 1753 1484 explicatio.
1805 1393 1935 1480 Syllaba
1961 1397 2047 1461 enim
2075 1404 2263 1481 βιηηβιυ

432 1533 556 1608 spectat
576 1519 617 1583 ad
642 1537 765 1613 opace,
788 1515 842 1580 rel
865 1535 984 1610 ογηη,
1001 1531 1119 1599 agger,
1139 1519 1252 1576 terrae
1266 1509 1422 1592 tantalea,
1431 1515 1678 1598 gepron'xnpu,
1696 1525 1811 1599 pateus
1826 1510 2003 1600 (campus);
2024 1525 2121 1598 atque
2135 1511 2261 1598 syllaba

433 1641 499 1719 Χη,
520 1639 590 1701 sine
611 1636 652 1700 ud
672 1657 728 1710 xpp
743 1636 938 1720 peremere,
963 1635 1033 1696 uiua
1055 1631 1096 1694 ud
1117 1626 1444 1711 xnfirstesrentsn,
1464 1631 1534 1695 sius
1557 1631 1598 1696 ad
1619 1651 1697 1722 κοι,
1718 1649 1824 1720 nup,
1844 1653 1927 1716 yut«,
1948 1647 2044 1714 agar,
2062 1639 2153 1694 terre
2173 1629 2259 1708 rele7

431 1768 531 1837 ratur,
551 1754 646 1841 plane
660 1755 811 1818 conuenit
830 1765 902 1815 eum
922 1745 1047 1833 syllaba
1060 1751 1106 1832 θη
1125 1745 1258 1810 secundi
1275 1747 1422 1824 nominis,
1443 1768 1526 1833 quae
1547 1760 1598 1814 est
1616 1766 1680 1842 00,
1708 1767 1760 1825 οε
1784 1751 1902 1834 (saltn)
1921 1747 2068 1828 madae,
2090 1749 2263 1828 oleeopnvp.

432 1872 546 1960 ltaque
572 1857 729 1954 Οὔβὶενθη
751 1883 848 1953 utque
871 1869 999 1946 Βιενεχη
1031 1863 1184 1942 Terreat,
1212 1866 1283 1928 siue
1308 1862 1467 1929 Octsunm
1494 1857 1730 1952 Aegyptiorum
1751 1866 1846 1933 deum
1867 1867 2046 1930 maximum
2069 1863 2262 1952 significant.

432 1989 502 2054 lum
524 2013 569 2053 ex
590 1989 642 2052 his
661 1997 807 2070 apparet,
831 1981 943 2068 quales
964 1985 1028 2045 siut
1050 1982 1261 2066 antiquissimi
1280 1981 1515 2069 Aegyptiorum
1537 2004 1632 2070 reges
1653 1984 1827 2049 seeundum
1849 1979 2096 2064 Manathuttam,
2120 1980 2264 2048 celeber·

434 2109 549 2170 dmum
575 2102 779 2178 historicum,
812 2101 962 2163 nimirum
988 2097 1138 2186 plauctus
1165 2103 1193 2176 2
1222 2103 1244 2182 β
1263 2101 1340 2186 ῼΘ
1355 2101 1380 2176 3
1396 2107 1425 2182 tp
1444 2099 1469 2186 p
1497 2115 1569 2163 cum
1599 2101 1641 2184 δ,
1677 2101 1790 2166 urdine
1817 2101 1947 2188 quidam
1978 2101 2063 2187 apud
2087 2098 2264 2188 Aegyptios

433 2211 564 2306 vulgati
581 2217 653 2302 51’);
672 2230 769 2304 atque
788 2214 908 2280 clarum
930 2230 990 2294 est,
1008 2231 1104 2302 quum
1125 2209 1251 2301 ltugills
1271 2211 1312 2280 uit
1330 2229 1441 2280 cotum
1461 2218 1556 2298 ratio,
1576 2219 1631 2302 qui
1653 2217 1693 2281 ad
1708 2213 1960 2304 chronologiam,
1982 2238 2077 2304 quarn
2097 2229 2263 2303 putarunt,

318 2329 319 2332 ¹
434 2331 665 2424 Aegyptiacum
680 2339 785 2397 terrae
796 2331 891 2396 huius
903 2329 1119 2419 historiaeque
1133 2331 1355 2418 antiquitatem
1366 2329 1500 2398 definire
1514 2331 1715 2400 studuerunt.
1737 2331 1828 2400 Vera
1840 2329 1968 2423 quidem
1982 2329 2078 2400 hnins
2094 2328 2264 2399 chronolo-

433 2455 506 2542 giae
521 2449 603 2516 ratio
619 2449 848 2516 Manethouem
864 2467 926 2515 non
942 2449 1048 2528 latuit,
1058 2451 1176 2537 quippe
1190 2449 1244 2536 qui
1258 2445 1327 2536 ipse
1343 2449 1628 2537 tradit,primis12
1644 2452 1799 2535 dynastiis
1815 2449 1904 2516 Deos
1919 2469 2074 2536 regnasse
2085 2451 2155 2532 ὅ’);
2168 2429 2265 2515 latuit

399 2549 401 2554 ,
433 2541 684 2636 autem'uostros
696 2565 920 2652 chronologos,
936 2568 992 2652 qui
1009 2563 1238 2632 Manethonem
1252 2563 1355 2647 aliter,
1371 2580 1467 2654 atque
1485 2568 1557 2654 ipss
1571 2567 1654 2651 vult,
1671 2571 1874 2655 interpretati
1889 2569 1963 2632 siut.
1986 2565 2264 2643 Quemadmodum

302 2740 304 2748 .
432 2703 511 2752 vero
532 2689 599 2750 ium
618 2685 658 2750 da
673 2698 791 2749 natura
811 2681 966 2748 historiae
979 2682 1198 2770 Aegyptiacae
1220 2685 1461 2772 antiquissimae
1480 2686 1599 2752 rectius
1612 2685 1755 2752 indicano
1776 2686 1864 2768 lieet.
1880 2686 1928 2750 ita
1947 2696 1982 2750 st
1995 2685 2036 2750 ds
2056 2683 2265 2772 chronologia

431 2803 541 2875 ludica
564 2815 598 2866 at
618 2801 757 2883 Sinensi‚
780 2800 883 2866 serina
905 2800 1004 2878 ocius,
1027 2799 1198 2887 aliquando
1220 2800 1502 2885 demonstrabitur,
1526 2825 1599 2868 eum
1620 2825 1685 2870 nou
1709 2826 1780 2872 esua
1802 2801 1986 2868 historicam
2008 2813 2042 2866 et
2064 2819 2187 2881 aarum,
2209 2803 2265 2868 aad

431 2917 680 3002 rupthologicam
691 2914 745 2979 vel
766 2921 1012 2983 muonomicam
1031 2931 1127 3004 utque
1146 2917 1262 2986 selsam
1285 2934 1318 2985 et
1337 2921 1509 2986 facticium.
1531 2920 1693 2986 lacunatis
1713 2919 1753 2984 de
1769 2911 1952 2986 nominihus
1972 2931 2005 2984 et
2021 2918 2267 3007 cognominibus

431 3036 596 3102 numinum
618 3031 864 3118 Aegyptiomm.
906 3031 1115 3120 Perspectum
1137 3038 1225 3099 euim
1244 3032 1411 3118 habemns,
1431 3036 1578 3104 Deorum
1599 3037 1808 3122 Danaumque
1829 3040 1962 3104 nomina
1981 3036 2067 3123 apud
2085 3037 2266 3124 Aegyptios

431 3154 550 3239 purtim
574 3169 670 3236 quum
691 3150 835 3213 maxime
856 3151 948 3214 varia
969 3163 1004 3216 et
1025 3151 1154 3215 diuersa
1173 3152 1293 3231 tuneo,
1325 3156 1443 3236 purtim
1468 3175 1512 3218 ex
1536 3152 1740 3240 astrologiam
1762 3169 1922 3220 astrorum
1943 3151 2113 3220 virtutihus
2135 3165 2169 3218 et
2187 3175 2264 3239 pro·

430 3261 622 3354 prietatihns
642 3269 799 3352 originem
825 3264 956 3332 hahere.
999 3261 1074 3340 Qua
1094 3267 1223 3353 quidem
1244 3287 1290 3332 ex
1309 3265 1384 3354 lega
1404 3267 1530 3356 reliqna
1549 3269 1695 3336 Deorum
1718 3268 1992 3357 Aegyptiacorum
2012 3272 2162 3353 nummu,
2180 3271 2268 3358 apud

431 3384 604 3468 scriptores
626 3381 779 3464 Graecos,
802 3359 939 3448 Latinos
960 3381 1104 3469 aliosque
1125 3381 1233 3465 obuia,
1257 3405 1393 3470 qnorum
1414 3384 1581 3473 catalogus
1600 3389 1755 3473 sequitur,
1778 3387 1972 3474 explicanda
1993 3409 2066 3454 esse
2086 3387 2249 3454 videntur.

890 3566 969 3573 -..-—
979 3566 1069 3573 -μμ-ι-
1083 3567 1248 3575 -7-----.7μ
1257 3570 1527 3575 Ἧ-Ἴ...---γ-.-.-

1147 3634 1315 3738 Nnmeisu
1338 3637 1559 3712 matoultmt

440 3851 647 3938 Aegyptiace
668 3801 798 3917 Graece
820 3862 856 3916 et
871 3851 996 3919 Latine
1122 3847 1235 3916 celtu
1361 3851 1566 3938 Aegyptiace
1589 3850 1720 3920 Graece
1738 3862 1775 3919 et
1789 3853 1916 3921 Latin
2043 3855 2160 3926 (irim

440 4105 595 4162 limenebes
663 4102 836 4174 hmeuophls
1358 4107 1466 4160 hunbis
1578 4103 1691 4176 Ἕρμης,
1711 4109 1875 4168 Mercurius
1934 4077 2119 4180 Horn'cpotts

440 4190 558 4243 Ammon
664 4195 740 4256 Ζευς,
761 4191 873 4260 lnpiter
1010 4189 1155 4258 Diospolis
1585 4193 1686 4262 Apollo
1934 4197 2090 4266 Cyropolis

440 4276 530 4328 husun
664 4277 754 4328 ‚lmou
1011 4272 1199 4342 Elephantine
1582 4281 1700 4349 Kpmc‚
1722 4277 1864 4334 Saturnus

662 4361 750 4414 Belus
1008 4359 1101 4425 hybla
1355 4358 1424 4426 Apis
1582 4365 1700 4420 Taurus
1716 4364 1914 4438 Memphiticus
1933 4361 2073 4435 Memphis

440 4446 565 4497 Antaeus
659 4439 776 4505 Ἀνταιος
1006 4443 1194 4513 Antaeopolis
1356 4441 1500 4513 Aphophis
1581 4454 1686 4518 llpoem

663 4526 721 4578 Pan
827 4549 834 4562 ·
1005 4529 1160 4599 Panopolis
1357 4527 1480 4598 Apophis
1581 4534 1725 4590 Saturnus

661 4609 759 4664 hirens
778 4611 943 4666 Mendesius
968 4617 970 4624 '
1580 4618 1703 4692 Typhon

480 4881 527 4948 55)
544 4877 653 4933 Herod.
672 4877 734 4930 Lib.
744 4879 782 4932 ll.
799 4879 842 4934 dd.
869 4881 1029 4956 lablonslrii
1043 4876 1150 4938 Panth.
1167 4879 1289 4952 Aegypt.
1308 4875 1396 4936 ant.
1416 4881 1494 4972 ⁸2¹¹·
1516 4897 1580 4958 pag.
1589 4879 1634 4940 dd.
1652 4900 1717 4959 pag.
1725 4883 1770 4942 15.
1799 4884 1864 4940 Vld.
1882 4885 1977 4940 lutrae
2001 4879 2145 4937 Oroeodll.

479 4979 526 5052 50)
542 4981 609 5038 Vld.
628 4996 716 5048 snpra
733 4981 764 5034 Ρ.
772 4981 794 5033 1.
811 4981 880 5048 W.
898 4973 985 5034 noa.
1004 4997 1069 5053 pag.
1077 4981 1121 5037 59.
1140 4983 1195 5038 col.
1212 4981 1357 5037 Plutarch.
1372 4983 1503 5054 pag-³⁶8.

481 5079 525 5149 51)
544 5058 674 5134 cleniens
691 5081 772 5135 Alex.
787 5080 934 5149 Protrept.
953 5081 1031 5151 pil.
1056 5083 1122 5140 vm.
1140 5095 1229 5154 snpra
1246 5083 1346 5142 Nutu.
1363 5096 1426 5157 pag.
1435 5087 1479 5142 il.
1501 5087 1615 5158 anuir
1633 5089 1745 5158 origin.
1763 5087 1799 5140 dc
1818 5095 1884 5140 tous
1905 5087 1949 5142 les
1966 5083 2060 5138 eultes
2081 5077 2152 5134 'rau
2160 5079 2187 5132 Ι.

476 5179 521 5247 58)
537 5179 603 5233 Vld.
620 5195 708 5249 snpra
724 5181 755 5234 Ρ.
764 5181 786 5234 1.
807 5182 869 5250 Η.

480 5281 524 5349 59)
537 5279 604 5336 Vld.
625 5278 749 5348 Syncell
766 5281 893 5350 panto.
912 5281 956 5334 ed.
974 5280 1047 5335 Ven.
