4896 6096
325 647 349 704 ι
893 563 1233 644 -49--

134 776 230 845 utque
249 753 454 824 Ptolemaeus
475 748 624 817 afferunt.
669 748 850 820 Secundum
874 753 934 819 ltoa
964 753 1048 820 enim
1071 775 1172 821 annua
1194 775 1351 842 magnus,
1375 751 1628 838 ἆποκαταστασις
1650 761 1816 848 ducator,
1847 767 1972 857 dequo

135 879 304 965 loquuntur
327 873 425 936 etiam
448 869 631 956 Origenea,
661 869 813 938 Clemens
835 870 1098 956 Alexandrinae,
1128 872 1221 939 Philo
1244 872 1381 962 aliique,
1409 873 1589 942 abaoluitnr
1618 882 1713 945 annia
1728 887 1831 968 9966,
1862 902 1899 951 vt
1919 888 1972 954 hic

133 995 241 1076 habet,
269 1004 326 1057 aut
344 992 443 1072 emt,
464 999 501 1054 vt
524 988 707 1076 Empiricos
735 989 885 1074 doreti).
936 988 990 1055 Dc
1011 991 1061 1056 hia
1087 992 1214 1078 quidem
1244 994 1387 1056 numeria
1410 993 1529 1058 rectior
1558 1008 1607 1059 eat
1630 995 1780 1080 vltimua,
1812 1003 1907 1086 quia,
1937 1019 1972 1068 vt

134 1111 296 1176 Fabricius
315 1107 357 1172 ad
378 1107 518 1174 Sextum
547 1103 745 1192 Empiricum
770 1109 834 1171 iam
862 1107 1006 1189 monuit,
1037 1110 1071 1174 in
1096 1131 1134 1173 eo
1157 1108 1259 1173 latent
1290 1111 1365 1172 anni
1393 1113 1521 1175 cuneati
1550 1123 1583 1174 et
1611 1109 1834 1182 hebdomatici.
1887 1119 1969 1185 Sunt

137 1251 206 1293 roro
229 1231 322 1294 oon
343 1227 420 1292 carni
440 1223 645 1310 Aegyptiaci,
669 1223 710 1288 de
733 1222 850 1310 quibua
868 1223 921 1288 hic
942 1227 1060 1312 agitur,
1083 1225 1234 1312 aequales
1256 1229 1362 1312 9971}
1385 1229 1477 1292 annia
1495 1225 1633 1294 Juliania
1653 1245 1686 1295 et
1706 1235 1789 1318 quod
1812 1239 1968 1300 excurrit.

137 1344 197 1421 Qui
216 1364 393 1424 numana,
417 1341 445 1404 ai
468 1352 519 1404 cat
539 1351 684 1426 tempu,
715 1363 778 1428 quo
799 1346 819 1405 7
841 1339 1010 1428 planetae,
1036 1345 1095 1428 qni
1115 1341 1285 1430 Aegyptiis
1306 1342 1473 1426 dicuntur,
1512 1345 1618 1412 denuo
1644 1350 1677 1413 in
1701 1369 1765 1414 vno
1793 1351 1967 1439 eodemque

136 1461 257 1528 Zodiaci
289 1457 393 1547 gradu
416 1459 578 1522 coniuncti
608 1471 802 1543 appareant,
835 1461 864 1523 ia
888 1479 960 1523 eaae
989 1457 1103 1540 debet,
1137 1473 1172 1525 vt
1204 1481 1261 1544 per
1291 1479 1441 1527 numeros
1466 1484 1641 1547 annorum,
1673 1465 1789 1551 quibua
1816 1466 1966 1553 planetae

134 1580 242 1644 circu·
266 1575 372 1643 solent
393 1575 561 1654 feruntur,
590 1574 715 1640 diniana
742 1577 907 1660 residuum
928 1598 995 1642 non
1023 1576 1161 1660 lrabeat,
1190 1579 1255 1642 imo
1277 1590 1364 1642 totua
1393 1574 1589 1644 absumatur.
1644 1579 1751 1656 Quum
1774 1606 1851 1647 vero
1873 1583 1967 1650 huius

131 1685 177 1759 rei'
196 1691 380 1781 periculum
400 1692 530 1772 sacaria,
558 1689 702 1774 videbit,
726 1691 847 1760 nulline
872 1693 1023 1780 planetae
1043 1695 1208 1758 circuitum
1231 1695 1264 1758 in
1288 1693 1346 1758 illo
1373 1716 1506 1760 numero
1532 1711 1587 1760 aut
1609 1697 1728 1776 dacica,
1750 1713 1804 1764 aut
1832 1704 1963 1784 cantica,

132 1825 186 1875 aut
205 1809 333 1897 pluriaa
349 1809 501 1874 muneri
520 1809 590 1872 aine
611 1807 779 1876 lracticne.
829 1811 883 1876 Ex
906 1833 969 1898 quo
999 1813 1163 1898 aequitur,
1191 1826 1265 1898 post
1288 1815 1372 1878 9977
1401 1834 1503 1878 annor
1530 1813 1750 1900 Aegyptiacae
1777 1818 1963 1902 neutiquam

132 1933 152 1992 7
176 1927 327 2012 planctu
346 1925 383 1992 ad
406 1925 517 1990 eadem
536 1923 609 1990 loca
631 1931 763 2012 reuerti,
785 1947 869 2014 quaa
893 1928 1024 1994 totidem
1054 1929 1147 1994 annia
1170 1943 1266 1994 antea
1289 1948 1498 2015 occupauere.
1550 1929 1641 1996 Idam
1667 1931 1758 1996 valet
1776 1933 1816 1996 tle
1834 1932 1965 2018 reliquia

133 2065 288 2109 annornm
303 2030 463 2126 macria,
495 2063 579 2129 qnae
605 2063 702 2131 aapra
734 2045 913 2111 attulimus.
963 2045 1006 2111 Et
1029 2067 1143 2110 reuera
1170 2057 1295 2132 tempus
1316 2059 1365 2112 cat
1386 2045 1528 2132 nullum,
1553 2070 1636 2134 qno,
1667 2069 1764 2137 quum
1785 2053 1963 2116 aceruatiua

134 2161 168 2224 id
187 2158 348 2246 probiane
367 2161 622 2247 inueatigumua,
647 2175 769 2250 reptatu
791 2161 839 2226 illi
860 2161 1012 2250 planetae
1033 2163 1146 2227 itatem
1170 2163 1263 2228 timul
1286 2165 1319 2228 in
1341 2161 1420 2230 locia
1443 2178 1636 2252 appareant,
1667 2169 1736 2230 aine
1757 2180 1897 2249 tantum,
1927 2182 1963 2232 vt

129 2281 283 2342 numerari
306 2299 372 2344 non
395 2292 511 2368 queat,
539 2279 624 2367 quod
653 2279 786 2346 Procles
815 2283 880 2345 iam
908 2283 1028 2368 optimc
1057 2279 1356 2362 animaduertitur
1406 2281 1468 2346 Sed
1500 2295 1535 2344 vt
1561 2284 1637 2347 anni
1658 2285 1767 2370 magni
1796 2287 1878 2350 ratic
1908 2283 1961 2348 vel

133 2395 237 2483 aliqua
256 2419 300 2460 ex
322 2409 416 2482 parte
438 2395 640 2482 explicetur,
664 2395 742 2462 lraec
763 2399 881 2464 addere
902 2399 1008 2464 liceat.
1053 2399 1196 2464 Primum
1222 2399 1349 2484 quidem
1373 2399 1557 2484 requiritur,
1580 2413 1616 2463 vt
1635 2413 1710 2484 port
1731 2422 1847 2465 annum
1870 2424 1961 2490 mag-

130 2537 204 2578 num
226 2513 516 2593 &occuratiaaime
538 2517 570 2577 in
596 2515 707 2579 eodem
730 2531 848 2601 puncto
872 2516 1037 2602 eclipticae
1058 2517 1248 2600 reperiatur,
1270 2513 1393 2601 quade
1415 2535 1451 2577 ra
1474 2536 1536 2578 nou
1560 2515 1814 2600 agiturtleanno
1829 2517 1960 2605 Acgyp-

132 2635 221 2708 tiaco,
243 2633 298 2698 aed
321 2634 361 2697 de
380 2629 511 2725 Iuliano
532 2653 634 2716 eoque
657 2633 904 2716 correctiaaim'o,
928 2631 1051 2699 scilicet
1067 2633 1188 2718 tropico
1206 2631 1328 2695 ‹fierum
1350 2630 1700 2711 365,242264=365d
1728 2631 1787 2696 th.
1808 2635 1864 2696 48¹
1883 2635 1959 2700 51⁰.

130 2750 224 2813 Porro
243 2770 373 2814 ueoeaac
397 2761 466 2829 eat,
491 2761 527 2811 vt
550 2769 646 2832 quum
665 2743 699 2818 Θ
719 2749 811 2812 initio
834 2751 909 2815 anni
930 2752 1057 2840 magni,
1078 2753 1105 2815 ai
1128 2749 1190 2816 lroc
1212 2746 1364 2834 exemplo
1386 2749 1433 2810 vti
1454 2745 1540 2827 licet,
1563 2749 1595 2840 in
1615 2757 1650 2816 Υ
1671 2750 1712 2809 00
1728 2747 1762 2810 θ’
1774 2751 1820 2810 0”
1839 2752 1960 2834 pariter

129 2881 219 2954 atque
233 2866 355 2954 *reliqui
374 2865 527 2956 planetae
546 2873 578 2942 w
603 2881 626 2950 ζ
648 2873 668 2943 ῼ
687 2871 759 2952 &tt
776 2868 801 2944 it
816 2865 931 2952 ¹fuerit,
958 2890 1069 2935 omuea
1090 2867 1185 2930 simul
1201 2867 1313 2931 eodem
1335 2875 1539 2928 reuertuntur
1555 2858 1614 2926 rub
1635 2859 1733 2927 finem
1754 2861 1849 2928 huiua
1872 2871 1958 2950 anni,

128 2984 205 3068 qnod
228 2985 347 3074 pendet
368 3007 389 3048 a
411 2982 510 3068 cyclia
531 2979 751 3072 planetarum.
803 2981 937 3068 cyclum
970 2988 1054 3050 enim
1078 2982 1227 3070 planctae
1254 2981 1420 3046 cuiusdam
1449 2981 1584 3046 dicimua
1610 2992 1752 3065 tempus,
1789 3003 1855 3068 quo
1880 2982 1959 3068 bini,

127 3099 229 3165 veluti
247 3109 284 3178 Θ
303 3116 337 3169 et
360 3109 413 3184 2,
441 3103 480 3180 Θ
499 3115 532 3164 et
561 3097 607 3183 t,
637 3107 674 3182 Θ
696 3113 729 3166 et
750 3107 791 3182 ῼ,
820 3099 911 3172 (iet
930 3110 967 3180 (φ
988 3113 1020 3165 et
1050 3103 1097 3166 aio
1118 3120 1234 3186 porro,
1267 3101 1383 3164 iterunt
1412 3102 1445 3164 iu
1474 3097 1586 3163 eodem
1615 3111 1736 3182 puncto
1759 3097 1814 3161 vel
1845 3101 1957 3165 eodem

128 3221 202 3282 anui
224 3223 336 3305 nopai
357 3231 521 3286 nomento
549 3220 709 3284 coniuncti
732 3231 901 3306 apparent.
941 3217 1133 3284 Huiusmodi
1161 3217 1242 3302 cycli
1271 3237 1333 3280 aex
1361 3216 1567 3280 astronomici
1588 3215 1668 3278 antia
1690 3215 1809 3300 cogniti
1828 3217 1958 3282 luerunt

125 3331 312 3412 caterinae,
350 3349 389 3399 vt
419 3357 465 3398 ex
492 3331 587 3400 'latio
620 3347 653 3400 et
684 3333 799 3400 Niceta
821 3333 981 3400 Choniata
1011 3335 1132 3402 clarum
1164 3339 1283 3426 eat¹¹).
1327 3333 1383 3397 Ex
1411 3329 1529 3396 taiul'n
1558 3351 1642 3395 veru
1668 3334 1786 3396 noetus
1814 3347 1959 3402 arnono·

124 3455 221 3517 micio
242 3451 336 3516 lacile
357 3447 562 3539 inteBigitur,
591 3451 703 3540 qnalea
726 3455 801 3518 aiut.
843 3451 915 3518 lam
937 3453 1155 3520 adscribamus
1184 3473 1245 3516 aex
1267 3449 1429 3535 cyclorum
1451 3469 1588 3536 genera,
1619 3446 1752 3534 quibua,
1775 3449 1852 3514 licet
1878 3453 1958 3517 rude

126 3571 330 3654 computatio,
353 3584 422 3635 tota
445 3593 496 3635 rea
514 3571 738 3658 perspicietur.
780 3567 910 3635 Tabula
931 3575 1040 3658 itaque
1062 3571 1209 3657 aequanti
1231 3568 1380 3650 docetur,
1402 3587 1484 3652 quac
1505 3568 1546 3629 ait
1566 3563 1768 3651 planetarum
1790 3549 1956 3654 ldngitudo

122 3699 239 3750 certon
258 3701 326 3772 poat
347 3710 469 3765 annua,
507 3687 581 3751 dum
605 3691 640 3766 θ
660 3688 693 3752 in
716 3703 754 3759 Υ
779 3692 819 3752 00
842 3687 875 3754 0‘
898 3689 941 3754 0¹¹
963 3687 1018 3753 vel
1049 3686 1112 3753 alio
1141 3691 1176 3752 in
1202 3701 1320 3776 puncto
1344 3687 1524 3774 cogitatur„
1558 3681 1589 3744 id
1613 3679 1696 3768 quod
1723 3679 1819 3746 litera
1839 3703 1864 3746 aa
1890 3685 1955 3770 aig-

119 3802 242 3870 nificat.

124 4098 269 4163 pristinam
292 4093 397 4148 luciam
419 4091 598 4160 formamque
620 4095 766 4156 reuocari,
787 4093 842 4144 nial
857 4093 1048 4146 admixtiooet
1066 4099 1152 4162 atquc
1171 4098 1323 4144 concretus
1339 4090 1436 4162 puluis
1455 4088 1626 4152 farinarum,
1645 4091 1769 4141 omnium
1785 4087 1953 4156 genitalium

124 4184 234 4247 nmina,
252 4180 408 4256 collectam
427 4179 608 4248 conopicerct
624 4178 876 4232 foecunditatem.“
901 4177 1026 4232 Achillea
1043 4180 1145 4231 Tatina
1162 4179 1192 4231 iu
1211 4177 1308 4228 Petau.
1328 4175 1446 4232 Vrauol.
1466 4194 1488 4230 c.
1500 4176 1540 4228 18.
1558 4175 1687 4246 puplii.
1706 4176 1765 4227 lac.
1785 4170 1956 4226 Thomaaiua

124 4267 154 4320 tc
174 4267 277 4322 Stoica
291 4265 398 4318 madi
417 4265 574 4318 nuatione
594 4265 671 4318 Diat
687 4263 722 4319 V.
743 4263 849 4320 Patrue
869 4263 1036 4340 Gaqaeadua
1055 4265 1109 4333 Op.
1125 4265 1159 4318 Τ.
1167 4263 1188 4316 l.
1210 4278 1236 4332 p.
1248 4261 1306 4316 l‘li.

182 4383 341 4452 ”fleatur
357 4383 469 4451 Empta
487 4382 554 4436 adu.
571 4384 679 4436 introi,
696 4379 775 4435 nv.
795 4397 817 4437 c.
828 4382 887 4436 rto.
908 4381 1038 4451 papam

7 4539 8 4580 q
185 4502 229 4566 ld)
242 4501 371 4556 Procltta
392 4497 566 4570 Parapbtni.
584 4499 618 4554 L.
630 4501 651 4554 l.
668 4501 765 4568 oapi.
781 4513 809 4566 p.
828 4500 870 4552 tt.
888 4495 953 4552 itta
972 4519 1016 4551 aar
1035 4501 1061 4550 ol
1080 4493 1185 4566 ἄρχωσι
1201 4515 1411 4569 συσχημαιισμοι
1428 4514 1478 4548 aaa
1494 4494 1671 4559 ateramum,
1692 4491 1718 4549 tt
1737 4485 1772 4543 ὧν
1784 4489 1957 4559 Ιφαρμοζηω

7 4583 8 4650 l
118 4607 151 4640 τα
170 4579 211 4640 ἐπ’
228 4587 324 4642 larem
344 4605 577 4658 aapuaerqqqpuro
596 4587 867 4654 memoraturum
886 4603 953 4650 wc
967 4602 1031 4646 τους
1046 4601 1093 4636 ava
1110 4601 1350 4654 ovoyryeorropooe,
1364 4597 1507 4650 auqcpoeot
1523 4597 1570 4644 pra
1587 4595 1702 4644 yttamar
1722 4577 1809 4629 alateo
1822 4571 1840 4646 r}
1851 4575 1959 4630 llantur

118 4693 160 4725 acta
175 4691 258 4726 rouro
279 4675 323 4726 dtu
337 4691 448 4744 perceptor
467 4675 592 4738 urqtodoa
615 4665 810 4737 ‹trapattcmt
828 4671 855 4724 dt
875 4671 1014 4736 nuntior,
1033 4663 1160 4738 orldoport·
1174 4666 1219 4720 ‘H
1228 4687 1276 4738 pop
1295 4686 1396 4720 παντων
1414 4669 1440 4715 la
1459 4681 1496 4728 τῳ
1514 4659 1616 4730 odqurqt
1633 4679 1699 4729 μετα
1716 4679 1764 4728 της
1781 4679 1827 4728 γης
1845 4679 1960 4716 συναπο-

114 4777 291 4825 emortuom,
309 4754 329 4828 ἤ
346 4751 413 4812 ait*
425 4753 492 4815 ὅλως
507 4775 572 4810 κατα
590 4775 621 4808 το
639 4751 741 4822 ἄκριβες
757 4749 986 4821 «incantotores,
1003 4749 1019 4822 ἦ
1040 4750 1100 4819 οῧχι
1119 4773 1184 4804 κατα
1202 4771 1296 4821 χρονον
1314 4753 1444 4816 αῖσθητον
1460 4743 1597 4818 ἅνθρωπῳ.

188 4877 234 4940 11)
252 4875 385 4928 Aebutiae
404 4873 509 4926 Tatina
528 4873 557 4924 lu
578 4870 678 4926 Petau.
699 4869 819 4926 Vranol.
838 4870 932 4941 prat.
952 4871 1062 4940 cap-18.
1081 4867 1196 4922 Niceten
1216 4867 1357 4920 chortato
1367 4863 1431 4918 nt.
1450 4863 1485 4916 tle
1504 4861 1666 4917 orthodoxa
1683 4863 1738 4914 litte
1758 4861 1850 4928 capt.
1870 4859 1960 4927 cyril,

113 4977 190 5034 quaa
205 4961 361 5032 adnrtpai,
377 4960 505 5014 derumti
520 4963 590 5012 aunt
606 4973 643 5012 cx
657 4957 987 5013 ubullrdatrounmicir
1002 4953 1243 5011 Pandatariae„
1262 4963 1345 5022 quae,
1365 4952 1497 5019 quantula
1513 4953 1705 5016 incorrectae,
1719 4946 1769 5000 tui
1789 4949 1889 4998 noatm
1905 4943 1963 4998 aul·

113 5051 228 5104 ficiunt.
