4896 6096
1043 554 1530 656 y-ua—

537 746 680 830 Moerae,
700 770 758 811 seu
772 746 932 832 gradus&
955 749 988 808 in
1005 757 1060 818 γε
1081 748 1255 829 exercitus,
1276 746 1384 828 duces,
1407 733 1560 828 atbletae,
1580 744 1771 826 biothanati,
1792 739 1977 811 incestuosi.
2011 745 2048 810 ln
2067 754 2116 826 γε
2139 742 2293 824 athletae,

389 863 394 874 '
457 861 592 944 exoleti,
617 865 870 946 irruminatores,
896 865 1025 950 impuri,
1048 861 1223 946 libidinosi,
1247 863 1382 929 cinaedi.
1426 862 1464 928 la
1479 870 1540 936 [12
1563 861 1704 954 superbi,
1721 863 1809 926 forro
1825 861 1880 928 vel
1893 855 2051 948 punctura
2065 859 2122 925 teli
2135 864 2295 926 morituri.

455 979 491 1042 lu
517 985 556 1056 Ξ
568 1001 576 1044 :
596 981 849 1067 impugnatores,
872 983 1022 1064 victores,
1044 982 1232 1064 piscatores,
1256 981 1439 1046 incestuosi.
1482 979 1521 1046 ln
1543 987 1600 1066 εὶς
1623 981 1755 1062 inertes,
1778 982 1885 1045 otiosi.
1921 981 1964 1046 Et
1978 983 2025 1046 sic
2046 983 2080 1044 in
2095 976 2295 1064 reliquium).

519 1091 705 1182 *Tempora
728 1103 765 1183 ἅ
792 1096 936 1162 subiecta
963 1112 1183 1183 progenerant
1213 1095 1492 1183 perturbationes,
1524 1100 1637 1163 mortis
1667 1097 1810 1182 pericula
1842 1111 1876 1163 ot
1897 1095 1982 1180 alia,
2011 1119 2083 1162 cum
2116 1094 2296 1161 actionibus

453 1214 681 1296 niaximis³¹).
1328 1285 1341 1308 ἱ

540 1329 701 1414 Regiones
726 1335 766 1417 &i
789 1345 947 1418 generant
977 1345 1092 1418 gentes
1124 1329 1311 1414 bellicosas,
1342 1344 1454 1395 nautua
1486 1329 1583 1394 caede
1614 1331 1813 1412 occidentes,
1845 1329 2026 1414 ueneficae,
2040 1335 2292 1426 immansuetus,

460 1445 614 1527 arrdaces,
638 1447 677 1512 ad
699 1447 842 1533 pericula
862 1460 1045 1534 promptas,
1068 1445 1240 1530 subdolas,
1263 1461 1388 1530 truces,
1411 1450 1615 1528 carnicoras,
1637 1444 1852 1530 Marsum).

543 1562 656 1650 ltaque
677 1563 797 1629 clarum
820 1579 888 1647 est,
910 1567 1043 1630 numina
1066 1568 1300 1647 astronomica,
1329 1566 1400 1630 siue
1423 1562 1686 1649 apotelesmatica
1711 1585 1776 1630 non
1799 1586 1889 1647 esse,
1912 1567 1974 1632 nisi
1999 1574 2139 1650 sepiens,
2167 1568 2297 1650 proprie

457 1683 481 1752 b
510 1682 531 1755 d
567 1700 589 1770 2
617 1687 650 1756 Θ
668 1691 705 1760 d
724 1689 755 1758 2t
776 1685 812 1760 Τ).
856 1681 979 1768 Negari
1002 1685 1087 1747 euim
1107 1685 1236 1768 nequit,
1259 1683 1373 1747 borum
1395 1678 1559 1745 adtributa
1582 1702 1654 1746 esse
1675 1681 1805 1765 eadem,
1835 1695 1891 1746 aut
1912 1694 2000 1748 certe
2030 1681 2194 1748 simillima
2213 1685 2298 1746 inter

459 1818 512 1876 se,
535 1801 605 1861 siue
626 1797 773 1883 planetas
796 1797 1002 1884 significent,
1026 1802 1095 1864 siue
1111 1799 1258 1885 partibus
1274 1798 1426 1881 Zodiaci,
1450 1800 1519 1862 siue
1541 1795 1614 1862 aliis
1635 1798 1891 1884 possessionibus
1913 1814 2091 1886 praestent.
2134 1798 2298 1877 Quemad-

333 1943 336 1952 ν
459 1914 589 1977 ruoduru
611 1917 655 1998 ἃ,
677 1917 724 1979 ita
745 1929 777 1978 et
795 1915 911 2001 reliqui
931 1915 1081 2002 planetae
1103 1937 1164 1980 sua
1184 1929 1368 1982 constanter
1390 1929 1521 1983 tuentur
1549 1913 1729 2001 adtributa,
1760 1921 1830 1984 siue
1852 1920 1916 1984 siut
1937 1918 2143 2005 planetarum
2164 1917 2297 1996 domini,

461 2033 530 2094 siue
545 2030 806 2117 Oecodespotae,
823 2031 959 2115 Decaui,
974 2033 1231 2117 Horiccratores,
1246 2033 1391 2116 Moerus,
1407 2030 1695 2118 Chronooratoras,
1710 2035 1825 2102 aliisue
1838 2038 1985 2123 personis
2005 2036 2121 2102 induti.
2156 2035 2220 2100 Sed
2234 2037 2298 2099 iam

463 2151 643 2211 accuratius
656 2147 827 2214 videndum
847 2166 907 2230 est,
930 2171 1009 2237 quas
1024 2151 1159 2239 siugulis
1175 2165 1298 2238 septem
1314 2151 1453 2238 planetis
1472 2167 1601 2217 veteres
1617 2153 1844 2240 adscripserint
1858 2156 1943 2220 visos
1956 2168 1990 2220 et
2004 2155 2149 2220 effectus.
2169 2152 2299 2217 Etenim

391 2299 392 2304 κ
463 2263 503 2325 de
525 2264 576 2328 hia
596 2263 712 2328 Graeci
731 2279 763 2330 et
782 2267 893 2332 Latini
914 2282 1062 2334 auctores
1084 2284 1116 2334 et
1136 2272 1198 2356 ipsi
1222 2270 1375 2356 Aegyptii
1396 2291 1460 2336 non
1482 2269 1586 2336 solum
1607 2269 1758 2357 plurima,
1782 2269 1839 2336 sed
1862 2273 1960 2336 etiarn
1980 2272 2173 2358 grauissima
2195 2291 2298 2356 quae·

462 2403 524 2464 que
546 2380 746 2446 tradiderunt
769 2381 924 2470 uobisque
947 2399 1184 2451 conseruamut.
1228 2384 1294 2463 Qui
1315 2388 1381 2450 iarn
1403 2389 1548 2474 sequitur
1566 2390 1735 2476 catalogus
1756 2386 1992 2454 adtributomm
2015 2389 2214 2469 diuinorum,
2244 2389 2301 2452 de-

464 2500 599 2583 scriptus
622 2514 672 2562 ost
701 2522 745 2564 ex
766 2501 922 2578 Firmino,
955 2505 1010 2588 qni
1032 2505 1174 2568 omnium
1196 2504 1434 2568 accuratissime
1457 2503 1497 2568 de
1520 2517 1680 2588 potestate
1702 2508 1868 2572 numinum
1890 2509 2175 2572 astronomicorum
2197 2528 2301 2591 expo·

465 2617 541 2695 suit,
564 2637 609 2678 ex
627 2615 824 2696 Ptolemaeo,
845 2616 971 2700 Proclo,
994 2617 1212 2702 Manethone,
1233 2620 1338 2685 Sexto
1361 2620 1540 2705 Empirico,
1562 2620 1718 2704 Manilio,
1738 2621 1839 2688 Paulo
1859 2622 2102 2704 Alexandrino,
2122 2619 2302 2686 Censorino

464 2729 610 2816 aliisque,
634 2735 688 2818 qui
710 2734 838 2819 quidem
865 2756 976 2800 omnes
997 2739 1082 2802 inter
1104 2760 1140 2803 se
1160 2737 1375 2817 consentiunt,
1392 2740 1510 2824 quippe
1531 2737 1649 2804 iisdnrn
1669 2737 1813 2805 lontibus
1823 2739 1884 2804 'vsi
1904 2743 1968 2826 θ’).
2010 2738 2118 2817 Quum
2140 2739 2305 2804 adtributa

464 2847 598 2911 deorum
624 2847 754 2913 illorum
775 2851 1047 2938 Aegyptiacorum
1071 2858 1104 2920 in
1124 2854 1158 2920 V
1177 2873 1298 2942 genera
1322 2856 1385 2918 rite
1405 2855 1542 2920 discerni
1564 2860 1700 2944 possint,
1724 2859 1809 2924 hauc
1830 2862 1989 2924 rationem
2011 2879 2143 2922 seruare
2165 2855 2303 2922 iuuabit.

465 2961 580 3049 ltaque
601 2963 850 3031 monstrabimus
871 2967 907 3051 l,
931 2993 1014 3056 quae
1035 2974 1121 3036 vires
1143 2986 1176 3036 et
1200 2970 1370 3038 facultates
1394 2986 1462 3038 tum
1482 2972 1652 3059 physicae,
1676 2997 1749 3054 curn
1767 2977 1938 3062 psycbieae
1961 2973 2096 3062 siugulis
2119 2973 2306 3041 numinibus

467 3081 689 3144 astronomicis
711 3081 954 3161 adtribuantur;
977 3085 1023 3165 11,
1044 3108 1125 3173 quas
1147 3090 1246 3152 animi
1265 3089 1437 3156 facultates
1459 3105 1492 3155 et
1512 3091 1648 3157 affectus
1661 3106 1896 3180 progenereutt
1919 3090 1980 3174 111,
2003 3113 2086 3178 quae
2107 3095 2306 3178 magisteria,

469 3195 597 3281 opificia
618 3209 768 3283 artesque
791 3213 956 3282 tueantur;
993 3201 1061 3285 lv,
1085 3225 1166 3290 quos
1187 3224 1294 3270 rerum
1317 3220 1470 3289 euentus,
1493 3231 1574 3294 qrros
1597 3223 1689 3276 actus
1709 3223 1743 3274 ot
1768 3198 1879 3296 quales
1900 3211 1987 3274 vitae
2009 3209 2169 3274 humanae¹
2191 3209 2306 3274 condi-

469 3315 574 3374 tiones
594 3310 787 3397 producant3
807 3315 841 3381 V
863 3317 1009 3405 denique,
1037 3343 1121 3408 qnae
1141 3320 1288 3387 subiecta
1310 3325 1374 3389 sint
1397 3324 1603 3411 singulorum·
1618 3328 1755 3412 imperio
1776 3349 1814 3391 ac
1832 3328 2028 3412 patrocinio,
2052 3340 2119 3392 tum
2138 3330 2173 3391 in
2195 3347 2307 3392 rerum

470 3441 596 3510 natura,
620 3433 741 3496 tamin
762 3435 831 3497 uita
852 3435 1005 3518 humana,
1028 3436 1130 3502 veluti
1152 3438 1321 3524 sphaerae,
1344 3453 1477 3523 ventus,
1499 3463 1670 3527 personae,
1693 3467 1829 3531 corpora
1849 3444 2001 3526 hnmana,
2024 3444 2186 3524 emmelis,
2202 3444 2308 3510 arbo·

470 3565 533 3626 res,
556 3543 697 3628 plantae,
720 3568 814 3630 saxa,
841 3565 959 3633 terrae,
981 3552 1123 3635 metallo,
1145 3527 1282 3640 colores,
1305 3560 1438 3644 eiusque
1463 3559 1592 3645 generis
1615 3559 1690 3645 alia,
1709 3585 1782 3628 cum
1805 3563 1952 3650 partibus
1968 3565 2046 3628 suis.

1344 3799 1455 3880 aii.

1115 3790 1558 4027 Adtributa
1614 3941 1731 4028 if

1209 4110 1239 4174 l.
1276 4097 1380 4174 Vires
1392 4103 1586 4202 propriae.

475 4209 609 4293 frigidus
939 4211 1112 4278 subnitidis
1405 4240 1499 4304 asper
1869 4223 1988 4289 multae
2011 4222 2210 4310 cogitationis

473 4308 622 4372 humidus
891 4393 896 4402 ,
939 4313 1094 4380 obscurus
1403 4320 1543 4385 foetidus
1870 4325 1954 4389 altae
1975 4329 2144 4390 memoriae

473 4410 632 4475 modicum
654 4409 815 4476 desiccans
937 4418 1030 4502 niger
1404 4443 1509 4487 vorax
1869 4429 1972 4492 omnis
1994 4427 2162 4492 destructio
2188 4455 2193 4460 ·

476 4509 593 4592 lentus,
616 4514 707 4598 piger
937 4520 1051 4605 grauis
1405 4523 1585 4590 malitiosus

546 4765 594 4829 30)
613 4765 752 4818 Firminus
770 4767 884 4821 L.Vlll.
903 4773 977 4824 cii.
998 4789 1024 4842 p.
1036 4773 1097 4827 223.
1117 4775 1191 4860 clii.
1209 4775 1307 4844 past.
1328 4779 1404 4829 cil.
1424 4777 1519 4846 pud.
1540 4781 1617 4832 cil.
1638 4794 1700 4850 pag.
1708 4783 1767 4850 228,
1781 4799 1820 4835 ss.
1842 4799 1931 4855 usque
1949 4785 1985 4838 ad
2005 4785 2133 4854 pagati.

547 4867 595 4930 ii)
610 4867 751 4919 Firminus
771 4867 804 4922 1..
817 4869 862 4922 Vi.
881 4873 990 4939 capsi.
1010 4889 1073 4944 pag.
1084 4873 1142 4926 189.

549 4967 595 5030 32)
612 4967 748 5020 Manilius
767 4969 928 5023 listronom.
947 4973 1024 5026 1..11.
1042 4975 1118 5026 eto.
1137 4977 1329 5030 senii-24.
1347 4979 1425 5046 pie.
1445 4978 1491 5033 sd.
1511 4977 1537 5032 J.
1560 4977 1696 5052 lcaliger.
1714 4981 1843 5036 Procius.
1865 4978 1944 5038 lali.
1964 5001 1986 5038 c.
2001 4981 2026 5038 Ι.
2049 4983 2128 5054 pso.
2148 4987 2252 5052 plot.

549 5065 594 5132 33)
610 5067 668 5121 iul.
695 5069 783 5125 Flrm.
811 5071 934 5128 blatern.
960 5074 1160 5129 astronomica
1185 5077 1229 5129 ed.
1248 5078 1315 5130 Bas.
1334 5079 1410 5132 titt.
1437 5079 1543 5135 Libii.
1565 5085 1677 5150 capiti.
1698 5084 1810 5152 pagii.
1830 5101 1892 5154 nep.
1903 5088 1943 5142 12.
1962 5104 1988 5156 p.
1998 5088 2042 5139 25.
2066 5085 2192 5144 Lib.lll.
2217 5093 2329 5162 capi.

482 5152 578 5218 capi.
607 5152 697 5208 1..1v.
719 5156 794 5210 ald.
821 5157 885 5212 Lib.
898 5157 933 5214 V.
960 5163 1054 5228 capi.
1075 5163 1172 5229 plii.
1197 5161 1289 5229 capi.
1307 5166 1419 5232 p.l24.,
1440 5167 1540 5234 capit.
1559 5182 1618 5236 cap.
1636 5169 1677 5221 lo.
1696 5170 1793 5237 pili.
1816 5169 1880 5222 Lib.
1890 5169 1937 5224 Vl.
1956 5171 2068 5240 capili.
2087 5171 2331 5232 ataviaeas.

480 5235 629 5304 p.18¹i.ss.
649 5240 794 5298 Lilavlll.
815 5259 838 5299 o.
850 5245 893 5298 lt.
909 5245 952 5299 st.
970 5245 1065 5314 piis.
1085 5245 1266 5300 Ptolemaeus
1287 5247 1536 5317 Quadriperttturn
1557 5253 1587 5304 iu
1606 5251 1651 5304 ed.
1667 5252 1785 5306 Firmici
1806 5254 1881 5307 dicta
1899 5270 1962 5325 pag.
1973 5258 2015 5309 at.
2031 5259 2075 5314 5⁰.
2091 5259 2132 5311 52.
2148 5257 2190 5310 54.
2211 5261 2263 5314 iil.
2282 5267 2334 5320 69.

480 5322 640 5382 Ptolemaei
655 5328 865 5401 centtloqutum
879 5332 917 5384 ib.
924 5346 987 5402 pag.
994 5333 1038 5390 tt.
1052 5331 1420 5404 Hermetiscontiloquiunr
1435 5337 1473 5390 ib.
1482 5353 1509 5405 p.
1521 5337 1564 5390 85.
1578 5337 1714 5391 liisuiiius
1728 5338 1773 5393 ad.
1786 5340 2068 5411 ios.Soaligar15liti.
2079 5339 2206 5397 Lib.iV.
2219 5349 2249 5401 1.
2261 5354 2333 5407 m,
