4860 6092
870 558 952 576 --
1017 509 1237 589 tta-...-

140 703 337 768 Graecorum
353 694 550 782 permultae,
572 715 652 782 quas
673 698 738 760 iam
760 717 823 762 non
842 719 925 784 opus
947 697 1112 784 explicare
1135 698 1174 762 ed
1195 698 1449 764 confirmandum
1469 699 1524 780 id,
1547 701 1633 802 qnod
1654 701 1816 784 diximus,
1840 708 1973 772 arietem

139 833 171 884 et
193 825 223 894 at
247 829 281 882 et
303 823 333 886 d
354 810 550 898 significare.
594 811 668 878 Huo
687 813 775 894 lacit,
799 813 884 900 quod
907 827 990 880 teste
1011 814 1149 880 Aeliano
1171 813 1269 897 (XII.
1284 819 1366 898 40.),
1389 818 1461 880 onis
1476 815 1594 882 lunoni
1612 818 1680 898 (51)
1699 841 1792 886 55555
1812 824 1845 888 55
1868 823 1974 890 555515

136 935 231 1001 Sarno
257 933 321 998 fnit
348 926 445 996 culta.
488 930 572 996 Puto
592 930 725 996 Samum
754 929 873 995 dictum
895 931 1507 1023 esse·aSom,xms1‚Aegyptiornm
1522 931 1674 998 Hercule.
1717 933 1866 1004 Maxima
1887 944 1974 1006 enim

135 1049 314 1116 Samiorum
342 1049 403 1113 dea
425 1047 508 1113 luno
533 1063 613 1114 erat.
658 1046 805 1112 Offendit
826 1068 906 1113 saue
928 1049 1009 1114 haee
1032 1048 1237 1136 ambiguitas.
1279 1051 1324 1117 At
1344 1051 1535 1132 tenendum,
1564 1051 1716 1120 facillime
1737 1056 1893 1120 eiusmodi
1913 1057 1974 1122 dif-

134 1165 296 1232 ficultates
319 1164 389 1230 tolli
410 1168 566 1252 potuisse.
609 1164 739 1230 Scilicet
756 1186 854 1252 quum
876 1164 1000 1252 Iupiter
1021 1167 1243 1253 criocephalns
1263 1174 1312 1252 (v.
1328 1170 1435 1235 Amnu
1451 1193 1484 1256 p.
1502 1171 1567 1252 97.)
1590 1183 1623 1235 55
1641 1171 1803 1250 caeruleo,
1828 1185 1861 1236 et
1876 1172 1973 1238 rutilo

134 1283 241 1350 colore
263 1285 469 1369 pingeretm3
493 1286 576 1348 aries
598 1281 765 1346 caeruleas
786 1283 827 1346 ad
853 1289 906 1364 α’,
928 1281 1042 1348 rutilus
1067 1284 1108 1348 ad
1137 1293 1172 1366 21.
1195 1300 1341 1372 spectare
1366 1287 1504 1354 videtur.
1547 1287 1610 1352 His
1631 1291 1716 1354 enim
1735 1289 1876 1375 planetis
1898 1311 1974 1356 oon·

135 1403 268 1466 veniunt
287 1399 338 1465 illi
357 1400 493 1466 colores.
535 1399 702 1464 Anuotare
723 1398 821 1464 liceat
841 1399 902 1464 hoc
923 1399 1015 1482 loco,
1039 1402 1115 1487 quid
1135 1401 1296 1490 significet
1318 1405 1371 1486 id,
1400 1404 1484 1493 quod
1507 1417 1635 1470 veteres
1659 1405 1832 1489 dixerunt,
1854 1429 1974 1494 agnum

133 1522 164 1584 in
191 1520 346 1607 Aegypto
368 1529 527 1604 regnante
550 1513 714 1581 Boccharo
744 1514 885 1581 locutnrn
915 1537 999 1582 esse.
1040 1515 1170 1584 Scilicet
1194 1541 1296 1606 agnas
1317 1520 1373 1587 ille
1394 1521 1575 1606 symbolum
1597 1521 1703 1605 louis,
1732 1526 1823 1590 cuins
1844 1521 1974 1590 oracula

131 1639 164 1700 in
185 1636 309 1724 vulgus
332 1647 411 1700 nota
433 1646 525 1717 sunt,
554 1630 717 1719 significat
738 1632 850 1702 lenem
869 1634 1061 1699 Ammonem
1081 1638 1221 1720 primum
1245 1641 1489 1704 vaticinantem.
1532 1639 1625 1704 Idem
1645 1613 1735 1704 valet
1758 1642 1798 1706 da
1820 1662 1902 1730 equo
1923 1639 1972 1704 lo·

131 1767 252 1838 quante
283 1749 369 1838 apud
395 1751 572 1816 Homerum
600 1761 697 1833 atque
723 1750 764 1814 da
786 1763 880 1830 tauro
910 1749 1082 1836 aliqnando
1113 1756 1320 1819 vaticinante.
1367 1752 1478 1831 Quare
1499 1777 1694 1842 magnopere
1722 1755 1792 1822 lalli
1822 1779 1857 1822 se
1884 1759 1972 1843 passi

130 1883 220 1950 sunt,
242 1871 299 1955 555
319 1865 478 1932 eiusmodi
499 1863 628 1930 fabulas
647 1885 708 1950 pro
729 1865 894 1932 miraculis
912 1867 1137 1933 vendiderunt.

218 1983 352 2066 Arium,
376 1983 459 2065 ὄνος,
481 1988 552 2072 adt,
576 2003 639 2072 ιω,
658 1985 683 2062 Τ,
706 1982 877 2070 significat.
922 1985 1042 2052 Asinus
1063 1983 1217 2073 Typhoni
1240 1991 1423 2056 carissimus
1444 1987 1558 2054 dicitur
1575 1987 1673 2070 (Plnt.
1691 1988 1735 2054 15.
1752 1995 1827 2056 362.
1842 1989 1970 2057 Aelian.

128 2103 177 2168 X.
197 2102 286 2187 28.),
314 2105 448 2189 eiusque
474 2097 617 2166 colorem
648 2098 788 2186 'l'yphon
822 2123 902 2187 prae
931 2121 967 2166 se
995 2089 1123 2168 ier'ebat
1154 2103 1330 2189 (515363.)
1375 2105 1540 2193 Astrologi
1567 2110 1692 2173 5555555
1728 2106 1754 2190 h
1787 2108 1972 2174 adscribunt

128 2217 171 2301 (l.
185 2223 216 2299 5.
231 2221 286 2285 47.
304 2241 336 2306 p.
352 2223 431 2302 60.).
474 2218 643 2303 Coptitae,
679 2220 798 2305 qnippe
825 2225 861 2298 Θ
888 2221 1089 2304 prouinciam
1118 2221 1322 2306 habitantes,
1349 2223 1605 2312 praecipitabant
1632 2229 1804 2312 quotannis
1833 2228 1970 2305 asinum,

127 2341 294 2406 inimicum
321 2337 472 2403 nimirum
492 2334 586 2404 Solis.
629 2319 771 2422 'l'yph'on
791 2337 882 2400 asino
911 2349 1024 2402 vectus
1048 2340 1163 2408 dicitur
1184 2361 1230 2406 ex
1253 2340 1377 2427 praelio
1398 2359 1510 2409 contra
1532 2342 1695 2411 Osiridem
1717 2344 1851 2410 rediisse
1873 2342 1972 2425 (Plut.

128 2455 173 2522 15.
188 2459 290 2538 369.)
332 2453 433 2520 'l'este
451 2453 662 2541 Horapolline
683 2457 731 2541 (p.
750 2454 816 2538 87.)
834 2453 922 2521 mula
940 2455 1103 2543 significat
1120 2457 1335 2541 sterilitatem,
1363 2461 1388 2544 5)
1409 2464 1572 2547 propriam
1594 2460 1637 2542 (1.
1652 2463 1682 2537 5.
1696 2465 1750 2526 47.
1765 2485 1798 2547 p.
1814 2467 1867 2527 59.
1881 2484 1914 2526 n.
1926 2457 1972 2542 5.)

129 2571 206 2638 Non
227 2591 310 2660 opus
332 2583 381 2637 ert
401 2569 558 2658 pluribus.
815 2583 819 2590 '

215 2688 380 2767 emtus,
406 2689 580 2772 Καμηλος,
604 2685 797 2784 marioth,
822 2692 858 2766 Θ
884 2687 1076 2772 symbolum.
1122 2689 1274 2757 Carmelus
1295 2693 1382 2756 enim
1403 2695 1549 2755 maximo
1582 2696 1614 2752 in
1644 2689 1767 2754 honore
1790 2703 1861 2768 5555
1889 2689 1973 2772 apud

127 2807 258 2884 Persas,
279 2819 375 2892 55555
396 2805 581 2872 sacerdotes
602 2805 765 2872 habebant
787 2807 981 2871 vestimenta
1002 2806 1078 2892 pillr
1101 2807 1267 2874 camelinis
1287 2817 1454 2870 contexte.
1499 2803 1682 2870 Credebant
1703 2803 1795 2882 adeo,
1813 2823 1972 2869 summum

126 2925 223 2989 deum
247 2923 316 3010 (Θ)
338 2934 496 2988 mutatum
521 2921 623 2988 fuisse
643 2925 677 2986 in
698 2919 868 2986 Gamalam
890 2921 1091 3002 (Brissonius
1114 2922 1154 2985 de
1175 2941 1244 3007 reg.
1267 2922 1342 2986 Per.
1364 2922 1466 3006 princ.
1488 2945 1521 3007 p.
1539 2927 1611 2987 176.
1625 2925 1701 2988 497.
1716 2924 1816 2998 700.)
1859 2918 1972 2984 Sacer·

126 3041 219 3108 dotes
242 3061 324 3106 vero
346 3043 411 3105 noa
431 3037 536 3104 solum
558 3037 643 3124 apud
659 3039 787 3119 Persas,
809 3038 867 3101 sed
881 3037 1064 3122 Aegyptios
1087 3059 1214 3125 555555
1235 3045 1271 3118 Θ
1289 3050 1383 3104 55555
1404 3041 1582 3104 consecrati
1603 3035 1754 3122 (l'tolem.
1769 3034 1875 3112 Quad.
1891 3035 1933 3101 L.
1942 3035 1969 3101 l.

124 3180 155 3245 p.
172 3163 228 3225 50.
244 3157 349 3239 Β55.).
391 3155 573 3242 Horapollo
594 3154 718 3220 camelo
741 3151 892 3218 adscribit
913 3151 1078 3236 ,11.1oo.)
1099 3158 1286 3242 segnitiem,
1309 3177 1392 3242 qnae
1417 3159 1567 3222 conuenit
1589 3163 1639 3243 Θ,
1660 3175 1758 3243 quum
1781 3163 1820 3235 ),
1843 3154 1867 3234 ii
1892 3163 1925 3218 55
1945 3153 1969 3234 ῼ

122 3286 357 3360 comparatur,
382 3285 479 3358 atque
500 3247 711 3337 iullexionem
734 3291 885 3357 gressus,
918 3291 982 3357 555
1013 3269 1127 3338 alludit
1149 3273 1188 3336 ad
1216 3277 1257 3356 Θ
1279 3275 1312 3338 55
1333 3272 1603 3359 hemisphaerium
1625 3273 1760 3338 inierint
1780 3269 1971 3336 flectentem.
2009 3321 2013 3326 .

121 3389 193 3456 1155
219 3393 307 3453 esis
328 3388 435 3471 55155,
461 3391 583 3476 inquit,
610 3405 657 3452 55·
679 3383 825 3451 amathar
845 3385 1044 3454 animalibus
1068 3409 1144 3455 arur
1172 3396 1264 3456 55555·
1290 3388 1425 3454 cundem
1445 3391 1598 3474 inflectit.
1642 3387 1797 3456 Ceterum
1818 3385 1971 3455 camelus

122 3511 154 3574 rt*
180 3519 243 3573 ant
274 3504 299 3586 h
332 3503 451 3592 aliquid
472 3503 625 3570 habuisse
647 3503 786 3583 videtur,
810 3505 963 3588 quoniam
984 3504 1183 3591 prohibitum
1206 3519 1287 3591 erat,
1311 3510 1383 3572 5555
1403 3527 1500 3573 carne
1521 3509 1610 3574 55555
1631 3507 1755 3588 (levit.
1770 3504 1834 3570 Xl.
1851 3507 1912 3590 4.).

209 3622 330 3703 eaeo,
356 3623 650 3725 10550γὸ555),
683 3617 906 3706 ii'significat.
950 3620 1035 3688 Nam
1063 3629 1086 3709 32
1113 3625 1263 3711 planetae
1286 3621 1439 3711 adscripti
1465 3624 1703 3690 555551555555
1727 3643 1843 3686 canum
1865 3621 1969 3684 omnis

124 3745 254 3830 generis
281 3739 322 3820 (1.
333 3744 364 3820 i.
375 3743 428 3805 52.
444 3762 477 3826 p.
492 3741 573 3823 65.)
616 3738 718 3803 Porro
746 3735 941 3806 Plutarchus
961 3740 1017 3818 (Is.
1035 3746 1124 3829 355.)
1145 3756 1301 3825 testatur,
1332 3763 1444 3809 canem
1470 3739 1610 3807 Anubidi
1641 3741 1656 3819 (
1667 3737 1715 3819 li)
1737 3755 1864 3802 sacrum
1885 3756 1967 3800 esse.

123 3860 218 3926 Adde
238 3857 488 3943 Horapolliuem
510 3856 550 3940 (I.
566 3855 655 3940 39),
677 3855 837 3943 5551555
863 3855 958 3939 dicit,
980 3879 1093 3926 canem
1112 3861 1298 3945 significare
1318 3855 1460 3922 55556555
1480 3865 1607 3933 caten,
1630 3839 1843 3940 5555515555.
1850 3900 1861 3936 ,
1885 3873 1968 3939 qnae

123 3977 251 4065 quidem
278 3990 436 4062 personae
462 3977 488 4060 ζ
514 3993 629 4041 sacrm
656 3987 731 4038 sunt
760 3973 806 4061 (p.
824 3975 903 4053 65.)
947 3973 1002 4040 Ex
1024 3975 1164 4060 Apuleio
1187 3997 1267 4042 vero
1295 3973 1354 4058 (11.
1369 3995 1402 4059 p.
1419 3977 1509 4053 384.)
1531 3973 1695 4060 seqnitur,
1719 3945 1829 4038 canem
1855 3969 1963 4035 album

134 4095 155 4176 ἕ
193 4093 445 4182 praecedentem
475 4096 518 4176 Θ
545 4092 651 4175 sidus,
683 4095 812 4180 nigrum
841 4097 877 4168 Θ
907 4103 1093 4176 5555555555
1123 4091 1318 4180 significare.
1361 4088 1517 4156 Ceterum
1545 4095 1634 4158 canis
1661 4087 1827 4158 colebatur
1858 4086 1966 4170 Cyno-

125 4211 189 4298 poli
209 4209 385 4300 (Stephan.
401 4211 440 4277 B.
464 4231 492 4276 s.
510 4209 543 4275 h.
558 4231 590 4273 v.
612 4208 710 4293 Apul.
726 4189 769 4271 L.
783 4205 847 4271 x1.
873 4229 906 4294 p.
924 4209 1000 4294 38.)
1025 4222 1061 4275 55
1087 4209 1247 4278 Anubidis
1277 4211 1328 4294 (ii)
1358 4207 1559 4296 symbolum,
1587 4207 1671 4274 vnde
1702 4219 1735 4268 et
1763 4201 1888 4269 Anubis
1916 4202 1965 4268 la·

127 4343 226 4397 trator
254 4343 412 4411 vocatur,
444 4349 527 4415 5555
551 4323 628 4390 vrbs
660 4325 834 4410 respondet
863 4325 1013 4392 decuriae
1044 4329 1067 4406 5
1098 4329 1132 4392 55
1157 4341 1209 4414 95.
1252 4327 1363 4410 Adde,
1397 4329 1482 4414 quod
1509 4329 1542 4390 in
1569 4323 1710 4389 zodiaco
1734 4323 1831 4386 etiarn
1854 4319 1964 4386 Indico

122 4443 258 4530 planeta
285 4453 308 4531 5
335 4449 409 4513 cani
434 4444 581 4510 inridens
609 4442 744 4530 fingitur
766 4456 863 4529 55555
885 4450 909 4528 2
939 4445 1088 4510 dontinus
1106 4447 1255 4512 stationis
1279 4453 1305 4528 5
1332 4447 1492 4512 secundae
1515 4461 1594 4507 cane
1613 4441 1807 4526 exprimitur
1828 4435 1965 4522 (Trans-

131 4565 257 4628 actiona
275 4565 312 4627 ol
330 4563 385 4632 the
405 4563 445 4631 15.
458 4561 574 4629 'Acina
595 4559 669 4626 Soa.
693 4559 770 4626 Vol.
786 4559 847 4626 111.
869 4559 905 4627 Ρ.
923 4561 950 4628 l.
970 4559 1054 4630 'rat
1073 4562 1100 4629 1.
1122 4563 1245 4630 Κ5555.
1267 4561 1377 4647 Symb.
1399 4559 1483 4626 Tale.
1497 4555 1660 4641 xxm).
1688 4555 1817 4620 Vides.
1841 4577 1874 4642 p.
1889 4557 1963 4620 138.

215 4677 344 4764 Caper,
367 4703 502 4768 rpem,
522 4681 591 4761 αἲξ,
616 4697 788 4768 aarum,
809 4697 1025 4772 murman,
1048 4697 1192 4786 5555555·
1218 4680 1375 4765 (praepar)
1407 4677 1432 4758 it
1462 4689 1496 4741 et
1521 4683 1546 4759 ῼ
1574 4670 1765 4760 symbolum.
1809 4673 1865 4738 Ex
1890 4671 1963 4738 loco

130 4797 293 4866 Herodoti
310 4797 369 4879 (II.
384 4819 411 4864 5.
428 4804 497 4881 tt.)
520 4797 642 4870 clarum
664 4810 726 4880 555,
747 4795 780 4860 id
800 4797 884 4883 qnod
900 4797 1061 4888 significet
1082 4819 1189 4884 caper,
1208 4796 1293 4860 idem
1315 4791 1499 4881 significare
1515 4813 1643 4881 capram
1665 4805 1762 4878 atque
1785 4789 1850 4855 alia
1868 4789 1964 4853 haina

129 4917 261 5006 generis
281 4915 448 4999 animalia,
471 4917 586 5005 555555
608 4911 754 5001 gunellae
776 4911 1034 4981 adnumerandus
1057 4913 1217 4978 videntur.
1260 4907 1447 4992 Mendesii,
1480 4914 1601 4999 inquit,
1629 4916 1835 4974 5555555555
1855 4909 1964 4972 rasta

128 5031 293 5101 ambula
311 5037 446 5118 capt-iat·
471 5039 625 5118 generis,
659 5028 720 5096 red
740 5048 860 5114 capros
881 5035 989 5094 555555
1013 5046 1122 5094 araret
1132 5028 1212 5113 plur
1233 5045 1328 5114 55555
1346 5027 1510 5104 sentitur.
1553 5028 1613 5091 Est
1634 5038 1742 5092 antem
1764 5045 1860 5112 caper
1881 5024 1962 5090 Pani

127 5173 230 5234 secer,
253 5152 465 5238 quiquidem,
487 5163 524 5216 55
545 5150 684 5215 vidimus
704 5149 750 5234 (p.
765 5147 864 5226 110.)
882 5165 966 5211 5555
990 5149 1032 5233 ζ,
1052 5163 1136 5209 5555
1159 5147 1184 5230 ῼ
1207 5143 1381 5232 significat.
1404 5143 1587 5230 -Ampeliur
1601 5140 1690 5228 (Lib.
1704 5139 1841 5207 Memor.
1856 5142 1960 5217 etl.)

127 5267 372 5353 tradit,1¹ana,
396 5289 494 5355 quum
517 5267 562 5333 dii
584 5267 733 5352 ingerent
755 5262 965 5352 Typhonem,
989 5267 1025 5330 in
1045 5283 1162 5350 caprae
1182 5261 1321 5350 figuram
1341 5282 1377 5328 55
1399 5263 1607 5327 55555555555.
1652 5257 1788 5324 Ν55555
1809 5251 1957 5338 (Collect.
