4896 6096
1167 490 1556 572 --130--w

357 667 362 684 .
426 694 532 761 Athor
557 689 759 756 referendam
782 705 853 758 esse
876 687 917 749 nd
945 687 985 760 i);
1003 685 1118 770 negari
1139 697 1246 747 tamen
1268 686 1390 768 nequit,
1413 682 1499 748 idem
1521 703 1638 748 nomen
1657 685 1756 746 etiam
1778 685 1806 758 3
1830 680 2024 768 significare.
2068 679 2183 766 Neque
2205 680 2274 744 hoe

428 815 564 892 mirum,
596 827 692 894 quum
714 812 739 884 r,
761 803 842 878 at3
869 801 1050 866 simillimae
1072 802 1191 870 indolis
1212 812 1405 891 putarentur
1426 798 1469 883 (l.
1484 804 1514 880 ἦ.
1529 804 1583 864 ts.
1598 821 1630 884 p.
1644 801 1725 884 ts).
1768 795 1921 864 Vidimus
1942 801 1989 884 (p.
2004 797 2094 884 tu),
2124 817 2275 862 mensem

364 923 370 930 ’
429 928 661 1012 Aegyptiorum
685 921 815 983 tertium
836 918 1012 1006 dioildinp
1034 917 1178 999 Graece,
1200 935 1316 1020 hsswp
1343 914 1499 1002 Coptica,
1530 919 1586 1004 qni
1613 914 1741 1002 quidem
1769 917 1944 1001 respondet
1979 923 2037 997 m,
2068 913 2220 1000 planetae
2246 917 2276 990 3

430 1039 600 1109 domicilio.
642 1037 739 1122 Apud
760 1037 922 1102 Romanos
944 1059 1023 1102 vero
1044 1041 1123 1102 item
1145 1037 1261 1101 tertius
1282 1037 1412 1116 mensis,
1431 1033 1570 1100 Martius
1595 1034 1709 1116 dictus,
1733 1035 1761 1112 3
1781 1055 1871 1098 sacer
1893 1046 1943 1097 est
1965 1045 1998 1096 et
2023 1041 2059 1108 nl
2086 1031 2274 1118 respondet.

430 1161 530 1225 l‘orro
555 1158 583 1233 3
605 1155 737 1242 planeta
758 1157 854 1218 etiam
876 1154 961 1241 apud
986 1156 1102 1222 Persas
1129 1167 1162 1219 et
1183 1151 1365 1218 Chaldaeos
1388 1151 1474 1216 adar
1503 1149 1618 1214 dieitur
1643 1151 1684 1231 (l.
1701 1151 1823 1237 ΜΡ.
1839 1157 1942 1216 11.·ιι.
1958 1149 2037 1232 39.).
2080 1146 2191 1224 Quare
2215 1171 2276 1214 ne-

353 1273 354 1276 ’
433 1279 503 1364 gari
530 1277 592 1340 vix
620 1275 756 1360 poterit,
786 1269 893 1336 Athor
916 1275 1013 1338 etiam
1034 1276 1079 1351 3,
1102 1273 1239 1357 primunr
1262 1269 1390 1354 quidem
1411 1267 1595 1352 planetam,
1620 1267 1694 1332 hinc
1720 1263 1884 1332 dominum
1904 1270 2072 1353 signorum
2094 1280 2133 1337 Υ
2158 1280 2192 1330 et
2218 1277 2275 1346 nl,

433 1405 490 1458 aut
517 1404 604 1456 certe
631 1399 665 1464 m
698 1386 892 1473 significare.
934 1389 998 1460 En,
1014 1391 1198 1454 testimonia
1226 1396 1383 1450 veterum.
1425 1383 1682 1470 Etymolnginnm
1704 1384 1771 1450 M.:
1805 1382 1914 1468 Athyr
1937 1391 2066 1448 meam.
2109 1381 2280 1467 Aegyptii

441 1507 595 1570 Venerem
616 1513 739 1570 nocant
755 1501 862 1568 Ardor
882 1516 917 1570 et
940 1504 981 1570 nd
1003 1527 1044 1569 en
1064 1509 1197 1568 tertium
1218 1509 1303 1567 unni
1319 1507 1373 1565 cci
1392 1521 1530 1566 marest
1549 1502 1813 1568 denominarent.
1844 1501 2040 1584 Hesychius:
2064 1497 2177 1583 Athyr.
2205 1499 2280 1580 Ila·

437 1625 612 1707 Aegyptiis
634 1621 754 1718 dp'citer
776 1631 810 1686 et
829 1628 948 1686 mensio
969 1626 1128 1707 quispiam
1152 1628 1188 1683 et
1217 1617 1285 1684 dos.
1317 1619 1446 1684 Orion:
1477 1618 1640 1702 Aegypte·
1658 1627 1782 1683 cocant
1803 1617 1911 1683 Athon
1931 1617 2084 1704 (Ἆθωρ),
2111 1615 2276 1679 staden

437 1743 568 1802 smitam
592 1744 677 1802 anni
702 1743 756 1802 rei
780 1757 918 1804 mensem
940 1738 1201 1816 denominarent.
1238 1735 1428 1800 Plutarchus
1450 1735 1506 1821 (Is.
1522 1739 1629 1815 3663:
1662 1734 1781 1800 Mense
1810 1733 1920 1818 Athyr
1948 1737 2089 1820 periisse
2111 1731 2276 1796 osiridem

439 1855 572 1936 dicunt,
595 1854 727 1938 qnando
755 1855 858 1919 Nilus
880 1855 1007 1919 rec'edt't
1034 1862 1068 1917 et
1091 1855 1193 1920 solnm
1215 1852 1372 1916 nudetur.
1413 1851 1510 1916 Nilus
1539 1870 1617 1915 vero
1645 1853 1782 1934 recedit,
1811 1875 1909 1939 quum
1932 1859 1967 1931 Θ
1988 1855 2021 1916 in
2049 1859 2084 1928 nl
2111 1863 2276 1915 versatur.

436 1972 550 2057 Itaque
577 1970 682 2035 Athor
703 1972 730 2047 3
752 1973 936 2056 respondet.
979 1971 1106 2058 lleapse
1127 1973 1153 2048 3
1175 1971 1347 2036 femininus
1368 1973 1462 2055 signo
1496 1975 1530 2044 til
1566 1981 1696 2054 praeest
1722 1965 1819 2052 (Ταί).
1834 1967 1887 2054 1.).
1932 1967 2005 2032 line
2035 1967 2157 2032 accedit
2188 1967 2278 2052 quod

436 2085 541 2151 Athnr
563 2088 659 2148 etiam
682 2086 820 2152 decuriis
838 2094 868 2155 ἐ
884 2090 1068 2176 respondet.
1111 2087 1165 2154 Sic
1189 2088 1327 2152 decanus
1349 2085 1380 2148 θ’
1402 2089 1482 2162 in)(
1505 2098 1638 2151 vocatur
1661 2082 1809 2166 Pir-tn,
1830 2087 1853 2150 i.
1862 2106 1891 2150 e.
1916 2082 2022 2148 Porta
2045 2081 2113 2169 (ὦ)
2135 2081 2202 2165 tin,
2216 2089 2279 2146 'at-

439 2224 501 2286 que
529 2199 729 2280 Acen-tut,
763 2204 849 2288 quod
876 2205 964 2272 hand
990 2205 1086 2270 dubie
1117 2203 1319 2269 scribendum
1339 2201 1532 2286 Ater-tur,
1564 2203 1617 2268 vel
1643 2199 1824 2266 Ater-bio.
1868 2200 1984 2268 'l'radit
2004 2197 2121 2266 Strabo
2144 2200 2278 2281 (XVII.

439 2341 473 2406 p.
491 2321 603 2400 ota),
622 2316 824 2404 dlommpli
849 2319 1003 2386 Venerem
1023 2323 1092 2386 coli
1111 2332 1148 2386 et
1168 2323 1219 2386 ali
1242 2341 1378 2386 coccam
1402 2341 1543 2386 sacram.
1586 2319 1802 2405 Momemphis
1823 2341 1921 2399 vero,
1944 2341 2041 2406 quum
2066 2315 2105 2380 ad
2127 2316 2280 2383 nltimam

440 2434 580 2520 Aegypti
600 2438 798 2521 prouinciam
820 2441 1000 2522 pertineat,
1024 2436 1220 2525 respondere
1240 2437 1370 2501 videtur
1394 2437 1545 2501 decuriae
1564 2441 1594 2504 sl
1615 2439 1649 2501 in
1678 2442 1727 2518 k.
1771 2436 1881 2517 Adde,
1912 2437 1997 2523 quod
2020 2434 2190 2500 Mineruae
2213 2439 2278 2517 (θ’)

440 2551 563 2631 aether,
583 2549 654 2634 cipp,
677 2554 1164 2642 saoer,nrat(Diodor.l.12.),
1189 2576 1288 2640 qnare
1311 2560 1487 2639 γλαυκωπις
1506 2554 1633 2618 dicitnr.
1676 2552 1798 2638 Aperte
1820 2573 1898 2618 vero
1921 2553 2020 2635 nidpp
2044 2565 2078 2616 et
2102 2549 2201 2634 Ἀθυρ
2226 2573 2274 2616 ex

439 2667 550 2734 eadem
571 2667 678 2733 radice
699 2683 929 2752 prouenerhnt.
974 2669 1070 2748 Quod
1093 2672 1231 2757 danique
1251 2674 1411 2758 imagines
1432 2669 1537 2735 Athor
1559 2673 1689 2751 attinet,
1711 2693 1757 2734 ex
1778 2691 1835 2752 eo,
1857 2669 1942 2754 qnod
1969 2669 2003 2730 in
2026 2667 2107 2733 loeis
2127 2671 2157 2732 ei
2176 2673 2278 2732 sacris

438 2805 555 2849 vaccae
578 2781 757 2869 alebantur,
782 2801 928 2872 apparat,
951 2790 1022 2852 eins
1045 2787 1217 2854 simulacra
1240 2787 1347 2874 ligura
1367 2785 1488 2872 hriuina
1509 2788 1621 2852 fuisse.
1663 2787 1737 2851 Huc
1758 2799 1900 2872 spectat,
1921 2785 2007 2871 quod
2030 2785 2170 2851 Ouidius
2190 2789 2280 2850 canit

441 2900 535 2986 (Met.
549 2901 593 2964 V.
608 2905 711 2982 3290,
733 2900 925 2968 Saturniam
944 2887 1100 2990 metutam
1122 2925 1194 2968 erec
1218 2911 1255 2968 in
1277 2910 1408 2969 niueam
1429 2924 1576 2968 coccam.
1619 2903 1741 2968 Saltem
1760 2903 1820 2967 lsis
1841 2905 1887 2988 h,
1911 2904 2030 2988 quippe
2051 2923 2147 2988 quum
2169 2901 2279 2966 Athor

439 3015 646 3102 significaret,
669 3017 819 3084 cornibus
839 3019 966 3083 boninis
987 3020 1191 3106 pingebatur,
1213 3034 1296 3114 teste
1319 3020 1467 3104 Aeliano,
1489 3033 1526 3086 vt
1548 3041 1646 3105 snpra
1661 3020 1819 3106 ‚vidimus

525 3132 656 3214 Atdpri,
675 3132 797 3219 Ἄθυρι,
819 3132 913 3200 lsidis
935 3157 1127 3222 cognomen,
1147 3140 1264 3223 qnippe
1284 3141 1320 3219 ῼ,
1343 3153 1400 3202 ant
1420 3144 1443 3215 h
1463 3141 1498 3202 in
1521 3141 1546 3222 ῼ
1570 3136 1720 3202 dominiis
1741 3140 1877 3223 positae.
1911 3136 2097 3202 Plutarchus
2114 3134 2279 3218 (lam)

438 3251 549 3333 Ἄθυρι
577 3251 805 3333 interpretatur
833 3255 919 3318 oinos
942 3251 1025 3338 sipon
1046 3277 1196 3336 scopans,
1225 3256 1452 3320 conuenienter
1473 3253 1600 3340 quidem
1623 3275 1695 3318 curn
1716 3253 1885 3319 vocabulis
1906 3252 2047 3340 Coptiois
2066 3269 2280 3359 ῃ-θο-ωρ

312 3353 318 3358 ’
438 3368 460 3428 i.
474 3386 503 3429 e.
529 3363 640 3430 domur
659 3367 825 3432 mundana
847 3368 952 3450 Hori,
974 3368 1028 3434 vel
1046 3387 1126 3448 200
1144 3369 1306 3459 (nonum,
1322 3370 1661 3456 cum'nprosthetico,
1676 3384 1711 3436 vt
1724 3374 1758 3436 in
1772 3369 1920 3458 Ἀφθας),
1942 3385 2002 3476 (op
2028 3370 2152 3450 Horas,
2175 3393 2200 3444 rr
2226 3370 2281 3436 vel

440 3504 480 3556 m
502 3481 625 3548 domus.
668 3484 768 3550 Addit
796 3506 874 3551 vero
904 3485 1010 3552 idem:
1036 3485 1057 3570 ἡ
1080 3489 1114 3553 δε
1142 3485 1220 3564 ’loen
1240 3489 1324 3554 torn
1346 3482 1398 3554 dre
1420 3499 1473 3554 sior
1494 3492 1616 3568 Moesi,
1638 3514 1692 3554 και
1712 3493 1804 3553 unire
1821 3488 1932 3574 Ἀθυρι
1956 3501 2041 3563 cet·;
2063 3487 2112 3553 ¹ex
2135 3511 2199 3575 quo
2227 3511 2280 3560 se·

441 3602 567 3688 quitur,
596 3600 653 3666 illo
675 3602 833 3668 vocabulo
864 3601 929 3666 lsin
955 3600 998 3666 ab
1019 3603 1082 3668 alin
1104 3603 1207 3684 lside,
1234 3606 1304 3668 siue
1329 3612 1357 3682 Ἃ
1382 3606 1416 3668 in
1438 3618 1526 3671 certo
1547 3608 1640 3693 signo
1663 3618 1848 3670 versantem
1870 3605 1912 3670 ab
1937 3605 2002 3670 alia
2026 3613 2078 3682 ἱ),
2109 3608 2279 3696 distingui.

438 3716 642 3784 Probabilins
666 3719 726 3785 hoc
751 3721 890 3807 quidem.
934 3719 1215 3786 Commemoratur
1239 3723 1324 3787 enirn
1345 3720 1458 3786 domus
1477 3722 1577 3804 Hori3
1598 3745 1709 3810 qnare,
1732 3745 1829 3810 quum
1851 3723 1962 3788 Herus
1982 3724 2134 3790 vsitatins
2151 3725 2282 3792 dicatur

353 3859 355 3864 ·
420 3887 423 3893 ,
442 3833 481 3898 de
507 3844 548 3916 ῼ,
572 3849 664 3920 puto,
683 3835 917 3921 lain-Athyrin
938 3836 1121 3925 significare
1142 3839 1171 3923 h
1189 3841 1224 3903 in
1243 3844 1268 3923 2
1289 3838 1395 3920 domn,
1414 3842 1605 3925 praesertim
1626 3862 1739 3924 verno,
1761 3844 1785 3906 i.
1802 3863 1832 3906 e.
1856 3844 1890 3906 in
1905 3849 1939 3920 ὅ
1952 3843 2058 3928 signo,
2081 3857 2279 3908 versantem.

525 3948 685 4032 Butam,
706 3954 878 4035 Βονβασις,
907 3965 935 4035 θ
958 3975 1147 4042 cognomen.
1190 3953 1307 4020 'l'radit
1327 3953 1584 4042 Etymologicum
1611 3957 1659 4023 M.
1682 3961 1728 4043 (v.
1742 3957 1775 4024 h.
1790 3959 1896 4042 von),
1919 3957 1981 4023 hoc
2007 3961 2136 4023 numine
2159 3958 2224 4026 dici
2245 3977 2283 4026 et

439 4069 546 4131 mcum
571 4069 746 4154 quendam,
774 4083 807 4133 et
828 4069 937 4153 deam,
963 4073 1085 4138 scilieet
1104 4074 1226 4140 Ionem.
1269 4073 1311 4138 ln
1336 4095 1413 4138 vero
1435 4073 1522 4138 hand
1547 4073 1643 4139 dubie
1663 4097 1729 4141 non
1753 4076 1861 4140 differt
1879 4087 1904 4140 a'·
1919 4095 1987 4166 103
2004 4074 2095 4141 luna.
2137 4073 2286 4144 Bubasis

439 4204 556 4252 nomen
579 4183 708 4269 quidem
730 4199 876 4252 constare
896 4189 1024 4254 videtur
1050 4206 1096 4254 ex
1112 4210 1328 4283 nme-sacr
1346 4195 1371 4257 i.
1386 4213 1416 4256 e.
1441 4190 1540 4256 Lena
1561 4213 1677 4259 caeca.
1721 4189 1829 4269 Quum
1850 4194 1888 4259 lo
1908 4207 2011 4258 mater
2030 4193 2175 4280 Epaphi,
2202 4198 2284 4268 sine

439 4299 553 4386 Apidis
573 4305 598 4378 1>
618 4304 719 4382 sacri,
745 4301 868 4366 dicatur
893 4317 990 4390 atque
1009 4311 1043 4372 in
1062 4308 1211 4394 Aegypto
1237 4308 1332 4376 leidis
1355 4313 1484 4374 nomine
1503 4309 1591 4376 cnlta
1612 4310 1657 4398 lo,
1670 4312 1768 4377 inerit
1788 4309 1901 4392 (Ouid.
1916 4311 1997 4376 Met.
2012 4311 2039 4376 l.
2055 4314 2143 4382 588·;
2167 4309 2284 4396 Apol-

435 4411 539 4480 lodor.
553 4413 597 4481 Π.
615 4421 644 4480 1.
661 4417 690 4493 ἱ.
706 4411 771 4500 ³.);
800 4418 970 4506 probabile
998 4421 1143 4502 videtur,
1165 4423 1309 4490 Bubasin
1336 4430 1360 4502 h
1384 4429 1488 4512 ipsarn
1510 4427 1703 4514 significare.
1747 4427 1845 4493 Certe
1867 4441 1968 4492 mater
1988 4423 2102 4511 Apidis
2125 4425 2289 4516 Memphi

437 4526 549 4592 hahita
574 4531 735 4618 significat
761 4538 929 4620 periodum
952 4537 1085 4621 Apioam
1107 4537 1305 4622 absolutam,
1334 4563 1438 4606 nonus
1458 4541 1539 4628 Apis
1561 4565 1681 4609 nouum
1703 4549 1744 4610 25
1768 4565 1926 4611 annorum
1943 4545 2083 4630 spatium
2104 4545 2285 4633 incipiens.

438 4641 590 4708 Ceterum
612 4645 674 4712 Isis
697 4652 1147 4742 Tncpnpcpponfingehatnr.

520 4757 688 4843 Bubastis,
711 4765 898 4849 Βουβαστις,
920 4775 945 4854 2
967 4769 1142 4856 planetam,
1165 4774 1240 4842 hino
1258 4777 1378 4864 »ἱυῼ
1402 4776 1562 4859 dominiis,
1584 4780 1728 4846 maxime
1748 4781 1782 4843 in
1803 4791 1858 4860 ὲ,
1881 4792 2069 4844 remantem
2089 4780 2290 4868 significare

435 4875 574 4944 videtur.
619 4877 775 4944 Bubastis
798 4883 884 4946 enim
905 4886 990 4952 inter
1010 4895 1172 4956 maximas
1191 4890 1426 4980 Aegyptiorum
1443 4893 1520 4958 deas
1538 4892 1780 4978 umnerabatnr,
1802 4917 1902 4982 quere
1925 4895 2065 4961 Ouidius
2082 4917 2154 4961 eam
2180 4919 2292 4969 vonas

435 5000 582 5060 cunctam
604 4995 699 5082 (Met.
714 4995 778 5062 lx.
794 5019 825 5064 v.
841 5001 946 5083 687.);
977 5016 1010 5068 et
1034 5012 1214 5076 maximnm
1242 5013 1273 5075 ei
1299 5031 1379 5076 sane
1407 5011 1528 5077 ieetum
1549 5011 1691 5100 agebant
1712 5011 1867 5099 Aegyptii
1887 5013 1982 5096 (Her.
1998 5011 2043 5076 ΙΙ.
2058 5013 2139 5097 60.).
2189 5016 2290 5108 Ergo

431 5105 585 5175 Bubastis
612 5128 668 5176 aut
689 5112 845 5198 planetis,
874 5131 931 5186 aut
961 5124 1003 5184 12
1034 5124 1097 5190 diis
1117 5125 1294 5194 maioribus
1321 5129 1560 5196 adnumeranda
1586 5142 1654 5207 est,
1683 5128 1737 5192 rel
1757 5131 1868 5214 potius
1887 5131 2015 5216 utrique
2040 5129 2158 5217 ordini.
2209 5136 2291 5203 [mn

435 5244 514 5292 raro
535 5225 626 5292 locus
643 5228 754 5296 Ouidii
769 5230 861 5317 (Met.
875 5235 939 5302 lx.
952 5241 1043 5324 687.)
1062 5239 1277 5326 demonstrat,
1308 5242 1466 5310 Bubastia
1485 5252 1508 5325 2
1529 5243 1693 5331 planetum
1718 5243 1912 5332 significare.
1956 5245 1994 5312 In
2018 5245 2168 5316 venons
2192 5257 2293 5321 enim
