4882 6098
1177 559 1262 574 -
1318 512 1404 594 oro
1461 558 1546 574 ..-

1302 699 1338 816 a
1372 707 1414 784 r.

824 865 926 940 Orda
949 865 990 942 ll
1017 865 1240 962 scriptorum
1262 862 1611 937 astronomicarum.
1665 855 1864 957 specimen
1887 859 1912 936 l.

592 1033 858 1125 Monolithus
880 1031 1017 1144 Regis
1041 1030 1214 1116 Amasis
1237 1030 1286 1112 in
1315 1027 1469 1112 Musca
1492 1023 1633 1135 Regio
1661 984 1877 1112 Parisino.
1902 1025 2013 1112 Tab.
2033 1024 2132 1114 Vll.
2215 1022 2221 1033 '
2306 1159 2312 1170 Ι
2434 1019 2435 1080 ³

1172 1255 1198 1329 l.
1226 1250 1547 1328 Introductis

530 1415 619 1483 Ordo
639 1412 728 1478 hicce
755 1409 945 1494 scriptorum
967 1401 1200 1490 Aegyptiorum
1230 1405 1514 1468 astronomicarum
1537 1398 1645 1464 differt
1675 1420 1694 1462 a
1716 1397 1875 1486 superiori
1894 1399 2171 1486 potiss'mumao,
2193 1403 2281 1489 quod

446 1535 519 1602 luca
538 1532 741 1620 planetarum
763 1523 894 1590 breuius
916 1519 1078 1586 describit.
1126 1519 1200 1586 Non
1223 1523 1308 1584 enirn
1337 1517 1473 1583 exhibet
1493 1536 1605 1582 omnes
1636 1513 1840 1616 ac·singnlas
1867 1515 1952 1601 signi
1972 1515 2137 1583 cuiusdam
2156 1531 2279 1603 partes,

445 1664 484 1716 st
505 1647 615 1715 stellas
636 1641 797 1730 singulas,
828 1659 931 1726 neque
952 1636 1097 1724 pluribus
1121 1635 1236 1724 figuris
1260 1637 1412 1720 deinceps
1434 1635 1569 1718 repetit,
1601 1631 1662 1699 sed
1679 1642 1743 1696 vna
1772 1646 1897 1699 tantum
1924 1635 2098 1720 exprimit,
2125 1635 2279 1718 psum&

445 1767 507 1834 mis
526 1761 606 1830 locis
629 1759 793 1846 exceptis,
817 1754 1078 1840 Oecudespotae,
1102 1751 1418 1840 Trigonodespotaa,
1443 1747 1807 1836 Tetragonudespotas,
1829 1745 1998 1834 Deouana,
2022 1747 2279 1828 Hariocratores,

446 1881 716 1950 Dodacatentoria
746 1889 843 1962 atqua
865 1873 996 1938 Moerus
1025 1872 1179 1958 denique,
1210 1869 1398 1958 quibuscum
1424 1864 1579 1953 planetae
1602 1866 1761 1929 coniuncti
1786 1869 2007 1952 apparuerint.
2049 1867 2159 1934 Etiam
2182 1889 2283 1934 naues

446 1977 676 2066 astronomicas
704 2004 761 2056 aut
792 1988 898 2056 nullas
926 1991 1088 2070 continet,
1117 2001 1173 2052 aut
1197 1987 1391 2051 rarissimas.
1432 1981 1606 2049 Praeterea
1632 1978 1694 2047 hoc
1720 1983 1883 2069 peculiare
1905 1981 2026 2072 ΙΙιιιὶκει,
2060 1981 2146 2071 quud
2175 1988 2283 2052 omnia

446 2115 579 2181 Zodiaci
599 2111 699 2197 Signa
721 2123 789 2172 tum
808 2130 828 2170 a
849 2105 987 2192 planetis
1009 2118 1181 2190 occupata,
1205 2118 1271 2166 tum
1295 2125 1399 2166 vacua
1419 2113 1494 2166 ante
1516 2095 1629 2165 oculm
1647 2101 1750 2184 ponit.
1794 2099 1851 2164 Ex
1871 2123 1934 2191 quo
1956 2123 2075 2189 genere
2098 2115 2151 2167 eat
2168 2102 2283 2169 Mono-

447 2231 546 2296 lithus
567 2227 680 2292 utrm.
723 2225 868 2289 Pertinet
892 2243 970 2286 vero
992 2218 1053 2283 boc
1073 2217 1228 2304 templum
1251 2240 1296 2283 ex
1317 2239 1381 2283 vno
1401 2213 1529 2302 lapide,
1551 2237 1646 2301 quem
1668 2217 1852 2300 grunitum,
1874 2237 1932 2282 sau
1953 2222 2131 2304 spaniam,
2150 2219 2282 2286 rutilum

448 2356 649 2431 nuncupant,
673 2344 818 2430 excisum
842 2338 881 2403 ad
904 2338 1135 2424 pretiosissima
1157 2334 1356 2420 antiquitatis
1377 2331 1597 2419 Aegyptiacae
1624 2345 1840 2397 monumenta
1882 2333 2023 2426 Egcellit
2051 2339 2137 2401 enim
2157 2339 2283 2425 magni·

450 2463 559 2530 tudina
588 2459 884 2543 summa,1quippe
911 2459 933 2518 6
958 2453 1027 2518 fera
1057 2449 1151 2516 vlnas
1181 2448 1285 2532 altus,
1315 2447 1458 2537 politura
1482 2443 1710 2532 subtilissima,
1740 2453 1984 2517 conuersatione
2012 2453 2158 2540 perlecta
2187 2468 2282 2543 aque

449 2579 524 2664 styli
547 2575 719 2665 elegantia.
762 2571 895 2640 Nullum
917 2570 982 2636 vidi
1002 2581 1242 2634 monumentum
1265 2568 1346 2633 adeo
1367 2563 1526 2654 pulcrum,
1547 2562 1662 2652 figuris
1684 2566 1874 2633 adeo.reote
1896 2590 1934 2634 ac
1953 2569 2095 2636 humana
2114 2571 2284 2639 delineatio

447 2697 591 2783 adeoque
607 2691 768 2760 subtiliter
789 2690 919 2754 andus.
961 2685 1057 2752 Vnda
1078 2685 1199 2750 clarum
1222 2700 1282 2768 est,
1305 2681 1339 2748 id
1361 2683 1439 2748 artis
1454 2681 1673 2770 Aegyptiacae
1696 2676 1935 2751 mouumentum
1955 2686 1997 2751 ad
2013 2700 2158 2775 tempora
2177 2709 2284 2756 remo·

447 2817 570 2881 hanimo
592 2831 693 2898 eaque
719 2809 835 2873 artium
857 2803 962 2869 studio
991 2801 1218 2869 florentissima
1244 2805 1416 2890 pertinere.
1458 2795 1506 2864 Vt
1528 2802 1623 2865 amiel
1644 2801 1724 2867 mihi
1747 2816 1939 2886 narrarunt,
1968 2801 2167 2870 Menolithus
2188 2805 2284 2874 hicce

447 2929 556 3015 plures
579 2939 653 2989 ante
675 2946 777 2987 annos
799 2923 833 2986 in
855 2943 894 2985 eo
917 2923 998 2998 luit,
1027 2934 1066 2984 ut
1088 2924 1121 2986 in
1143 2922 1308 3007 Europam
1339 2913 1613 2985 transueheretur.
1658 2915 1767 2995 Quum
1786 2942 1865 2986 vero
1888 2918 2069 2986 eleuaretur
2095 2919 2136 2986 ad
2161 2945 2284 2991 nauem

450 3041 653 3120 onerariam,
681 3037 776 3100 lunae
796 3040 942 3120 protinus
963 3037 1049 3122 rupti
1070 3051 1163 3118 sunt,
1191 3059 1273 3123 praa
1292 3037 1415 3104 enormi
1440 3032 1557 3123 lapidis
1585 3033 1680 3104 mole.
1723 3033 1796 3114 Quo
1821 3038 1907 3102 iacto
1935 3034 2132 3106 monolithus
2150 3016 2285 3109 amous

450 3164 484 3226 in
512 3178 601 3223 mare
628 3153 746 3220 decidit
773 3165 869 3238 atque
892 3149 1002 3236 plures
1033 3170 1091 3233 per
1112 3175 1213 3218 annos
1243 3177 1328 3241 aqua
1357 3156 1483 3219 rnarina
1512 3175 1686 3242 oppressus
1707 3157 1816 3220 iacuit.
1841 3128 1945 3220 ¹liinc
1967 3155 2144 3223 etiamnum
2162 3161 2284 3246 passim

448 3272 587 3340 conchas
605 3273 745 3335 continet
766 3268 847 3331 adeo
868 3287 939 3330 cum
959 3263 1066 3350 lapide
1088 3281 1264 3349 concretas,
1287 3285 1323 3333 vt
1345 3275 1473 3336 nonnisi
1493 3295 1618 3340 summa
1638 3275 1672 3340 vi
1694 3271 1909 3360 adhibitisque
1928 3274 2151 3338 instrumentis
2169 3271 2285 3340 l'erreis
2355 3315 2360 3324 ·

450 3415 471 3457 a
490 3385 659 3476 superficie
680 3384 797 3471 lapidis
816 3384 942 3468 seiungi
962 3383 1098 3467 possint.
1140 3379 1290 3468 Denique
1313 3408 1397 3454 anno
1421 3394 1516 3456 1826,
1540 3388 1825 3478 Franmgallorum
1846 3411 1926 3472 rex,
1949 3383 2087 3455 Carolus
2109 3389 2163 3474 X,
2186 3412 2285 3480 quum

449 3505 660 3572 monolithnrn
687 3501 805 3565 dietum
834 3498 916 3562 duno
947 3495 1138 3584 accepisset,
1170 3519 1286 3586 nauem
1317 3497 1447 3584 longara
1469 3502 1619 3573 bellicam
1647 3509 1681 3573 in
1704 3505 1888 3596 Aegyptum
1915 3507 2020 3590 misit,
2050 3521 2149 3594 quae,
2185 3531 2286 3597 quum

447 3623 525 3690 moli
551 3620 668 3709 lapidis
706 3620 856 3684 resistcre
893 3613 1051 3690 voluterit,
1089 3610 1226 3678 feliciter
1262 3637 1336 3679 eum
1367 3637 1385 3679 a
1417 3621 1499 3682 mari
1529 3627 1693 3703 protraxit
1726 3638 1822 3710 atque
1851 3626 1885 3689 in
1914 3620 2054 3691 Galliam
2092 3630 2287 3692 transuexit.

448 3741 528 3808 lude
553 3761 572 3803 a
593 3738 690 3801 maris
713 3735 809 3800 litore
838 3734 912 3799 hinc
941 3727 1136 3796 monolithus
1168 3733 1298 3796 Amoris
1319 3730 1459 3799 Parisios
1489 3749 1690 3801 transuectus
1716 3737 1777 3800 luit
1808 3759 1903 3804 curru
1930 3738 2107 3805 fortissimo
2134 3721 2223 3808 hunc
2250 3747 2284 3810 in

448 3857 545 3922 finem
569 3867 762 3919 constructo.
805 3850 900 3916 Anno
923 3854 1025 3930 1828,
1057 3869 1155 3936 quum
1175 3847 1306 3914 Parisiis
1328 3873 1494 3930 versarer,
1522 3848 1746 3916 liberalissime
1772 3851 1850 3915 milri
1869 3875 2057 3921 conoessum
2076 3833 2158 3939 fuit,
2190 3859 2283 3926 huius

447 3975 646 4039 monumenti
667 3991 782 4056 capere
801 3969 1044 4053 impressionem
1063 3986 1277 4052 pepyraceam
1297 3970 1578 4034 accuratissimam.
1622 3961 1730 4044 Quum
1745 3965 1826 4032 haec
1845 3949 2072 4059 insciiptionea
2086 3970 2285 4044 describendi

449 4095 533 4157 ratio
558 4088 688 4167 multis,
712 4089 856 4152 anaxime
878 4083 1067 4164 viatoribus,
1089 4082 1261 4148 utilissima
1283 4106 1353 4149 esse
1374 4087 1493 4186 possit;
1524 4087 1625 4151 dicam
1646 4081 1808 4160 breuiter3
1833 4108 1896 4173 quo
1917 4089 2014 4155 modo
2039 4089 2073 4156 lu
2093 4113 2133 4156 eo
2153 4097 2289 4182 negotio

447 4207 641 4275 versandum
664 4208 716 4270 sit.
759 4202 848 4269 Data
874 4202 1080 4286 inscriptione
1111 4199 1355 4268 characteribus
1369 4205 1495 4286 incisis,
1527 4216 1583 4267 aut
1606 4201 1882 4288 prominentibus,
1916 4207 2055 4290 primum
2077 4222 2143 4270 toto
2165 4229 2290 4276 monu-

448 4329 547 4392 menti
571 4322 757 4411 superficies
777 4321 889 4386 charta
917 4318 1141 4401 impressoria,
1171 4338 1229 4381 sau
1251 4318 1376 4404 glutine
1406 4335 1553 4402 carente,
1583 4340 1679 4406 quam
1706 4321 1851 4384 maxime
1881 4321 2057 4385 madefacta
2084 4325 2291 4410 contegitur.

449 4444 541 4530 Opus
563 4456 631 4518 est,
660 4437 788 4526 singula
808 4437 886 4501 lolia
907 4434 1038 4499 chartae
1060 4435 1106 4496 ita
1126 4437 1209 4499 inter
1232 4455 1266 4498 se
1289 4439 1500 4525 coniungere,
1531 4450 1566 4503 vt
1588 4428 1738 4524 nuspiam
1757 4436 1841 4526 lapis
1867 4449 2027 4522 appareat.
2070 4429 2158 4502 Hinc
2177 4446 2292 4530 scopis

448 4561 584 4623 setaceis
602 4556 748 4642 (Biirste)
770 4556 902 4642 quaeuis
924 4551 1139 4635 inscriptionis
1160 4571 1236 4636 pars
1256 4550 1337 4615 adeo
1358 4553 1488 4638 feritur,
1513 4569 1549 4621 vt
1570 4557 1703 4642 quaeuis
1721 4551 1818 4619 litera
1837 4555 1990 4638 expressa
2010 4547 2100 4616 clara
2112 4575 2288 4643 appareat

448 4675 660 4740 extrinsecus.
703 4673 773 4736 lum
791 4672 956 4755 inscriptio
979 4667 1083 4730 denub
1107 4665 1179 4730 aliis
1201 4663 1288 4731 foliis
1310 4671 1452 4734 eiusdem
1474 4669 1604 4734 chartae
1626 4671 1744 4756 quippe
1766 4667 1887 4756 glutine
1905 4669 2071 4734 farinacea
2092 4669 2187 4739 illitis
2206 4698 2290 4744 con-

449 4794 576 4876 tegitur.
620 4789 712 4864 Quae
731 4785 810 4850 lolia
834 4787 937 4850 denuo
959 4785 1065 4869 scopis
1086 4785 1221 4848 setaceis
1241 4783 1576 4872 fortiter-pulsantur,
1610 4785 1710 4850 donec
1732 4786 1811 4852 lolia
1831 4785 1971 4850 secunda
1994 4791 2212 4874 cumprimis,
2235 4797 2290 4860 in-

448 4909 651 4992 scriptionem
674 4905 776 4989 ipsam
805 4899 1005 4987 tegentibus,
1038 4903 1205 4964 coniuncta
1227 4917 1415 4987 appareant.
1459 4903 1530 4967 lam
1550 4901 1697 4966 releuara
1726 4901 1802 4967 licet
1821 4900 1968 4967 chartam
1989 4926 2027 4969 ac
2048 4906 2163 4992 lapidis
2188 4922 2290 4997 tagu.

447 5035 606 5098 mentumt
628 5032 919 5110 praesentanea,
942 5015 1020 5080 lolia
1043 5015 1223 5102 relinquare
1247 5020 1282 5081 iu
1303 5017 1431 5103 lapide,
1455 5018 1556 5083 donec
1577 5021 1741 5084 exsiccata
1762 5021 1839 5083 sint.
1884 5017 2064 5086 Deficiente
2085 5020 2199 5090 charta
2223 5029 2287 5091 ira·

446 5143 625 5226 pressoria,
658 5135 772 5202 sufficit
795 5133 906 5200 charta
929 5131 1074 5219 vulgaris
1105 5131 1280 5217 glutinata,
1319 5136 1416 5200 modo
1446 5134 1600 5200 adhibeas
1630 5134 1776 5199 feriendo
1802 5153 1922 5219 scopas
1949 5149 2094 5202 setaceas
2118 5138 2285 5208 fortiores.

445 5258 519 5324 Non
547 5253 677 5331 dubito,
706 5255 801 5338 quin,
832 5253 860 5314 si
886 5249 1127 5332 inscriptionum
1157 5263 1303 5316 veterum
1333 5248 1548 5333 descriptores
1574 5248 1658 5316 hanc
1685 5265 1832 5330 assuant
1860 5251 2020 5316 radonem
2048 5252 2286 5338 adhibuissent,
