4896 6096
1167 559 1532 642 ——110-

430 782 594 856 descendit
625 774 712 842 baud
741 767 837 850 dubie
866 787 886 828 a
911 755 1089 849 sss-m,
1115 755 1170 823 vel
1198 771 1280 829 κετ
1300 751 1504 836 disquirere,
1526 743 1735 850 intelligere,
1756 759 1894 827 sapere,
1924 759 2008 824 quae
2036 749 2086 800 est
2108 736 2215 800 virtus
2242 748 2262 814 n

429 921 708 1089 Pumxdbdult's,
743 1001 945 1076 Mordoula,
975 1003 1011 1075 Θ
1040 1007 1229 1076 cognomen.
1280 985 1451 1070 Reperitur
1475 980 1537 1047 boc
1567 977 1632 1044 Dei
1661 995 1778 1040 nomeu
1807 973 1843 1038 in
1872 969 1994 1058 templo
2030 967 2121 1034 vrbis
2145 965 2271 1032 Tolmis

431 1128 672 1224 (chalopsobe),
693 1123 726 1184 in
746 1112 855 1181 Nubis
877 1115 970 1192 sitae,
990 1111 1190 1192 inscriptum,
1211 1125 1284 1168 cum
1308 1099 1451 1186 epitbato
1469 1121 1588 1182 nepteo.
1631 1089 1815 1158 Admodum
1832 1086 2002 1175 probabile
2025 1099 2085 1168 est,
2102 1083 2270 1150 blendulin

433 1247 618 1339 significare
638 1255 687 1324 Θ,
711 1233 796 1322 quod
819 1225 967 1295 Niebuhr
989 1223 1072 1288 vult.
1116 1221 1201 1285 Sane
1223 1219 1388 1282 desinatur
1405 1237 1425 1280 a
1440 1210 1733 1313 m-itr-oppo
1754 1205 1807 1271 vel
1829 1203 1936 1300 ογλο
1955 1203 2128 1285 ds'ss'ss'tas,
2143 1201 2199 1266 vel
2217 1221 2271 1266 re·

431 1375 490 1455 gs‘a
504 1369 669 1453 potestus.
711 1353 787 1419 Rex
808 1346 890 1412 coeli
914 1364 991 1410 vero
1015 1341 1050 1412 Θ
1072 1352 1138 1420 est,
1159 1340 1214 1424 qui
1235 1348 1321 1400 recte
1343 1331 1409 1399 καί
1433 1332 1543 1414 ἔξοχον
1561 1329 1709 1394 dominus
1730 1325 1831 1413 6100,
1852 1326 1944 1402 Ζευς,
1966 1318 2058 1385 Deus
2077 1331 2224 1384 vocamr.
2267 1425 2270 1434 ‚

516 1479 620 1558 Meo,
644 1475 743 1553 Μηο,
772 1465 906 1544 Mass,
931 1469 974 1538 2.
1018 1455 1134 1522 Tradit
1155 1455 1346 1540 Spartianus
1365 1448 1448 1528 (Vit.
1464 1447 1584 1512 Anton.
1601 1468 1629 1511 e.
1645 1443 1711 1526 7.),
1734 1441 1862 1506 Lunam
1883 1439 2020 1522 mystica
2040 1439 2163 1501 ratione
2184 1459 2272 1502 mas-

433 1599 540 1668 culam
562 1591 672 1680 putari
698 1599 731 1650 et
758 1582 851 1668 fingi.
894 1578 976 1643 Sunt
1003 1588 1112 1639 autem
1139 1571 1230 1652 loca,
1263 1565 1379 1655 quibua
1401 1567 1429 1652 j
1451 1568 1529 1664 Μηο
1550 1574 1681 1628 vocetur
1703 1553 1958 1641 (V.lablonslrii
1976 1552 2041 1639 0p.
2056 1551 2270 1620 otwaetl.

433 1741 468 1804 p.
482 1714 563 1792 68.)
607 1706 681 1772 Huc
695 1703 784 1783 lacit,
808 1696 893 1784 quod
909 1691 1101 1760 Plutarchus
1123 1687 1181 1772 (la.
1196 1709 1230 1772 p.
1245 1690 1339 1764 368.)
1358 1683 1486 1748 Lunam
1508 1678 1563 1744 vel
1583 1677 1702 1743 laidem
1726 1671 2051 1740 masculo-feminam
2073 1691 2142 1734 esse
2163 1671 2271 1736 tradit.

435 1831 529 1907 Ideo,
551 1825 667 1908 inquit,
688 1817 817 1882 Lusum
836 1819 971 1876 matres
986 1805 1098 1872 munds·
1116 1803 1291 1889 appellant
1312 1814 1344 1864 et
1365 1823 1459 1884 φυσιν
1481 1795 1710 1879 ἀρσενοθηλυν.
1752 1790 1836 1855 Item
1853 1788 2045 1875 Spartianus
2062 1788 2135 1873 (vit.
2151 1786 2271 1852 Auton.

435 1969 464 2015 o.
479 1946 536 2028 7.),
553 1939 666 2014 Luna,
686 1934 801 2018 iuquit,
826 1929 901 2003 deu,
916 1929 1051 2007 mystice
1066 1917 1160 1984 Deus
1174 1918 1309 1983 ds'ct'tsr.
1336 1917 1422 1982 lliuc
1436 1915 1559 2001 primun
1571 1910 1806 1996 Aegyptiorum
1822 1927 1885 1969 rex
1899 1903 2013 1968 Menas
2029 1925 2049 1966 a
2066 1903 2220 1984 >dictum
2235 1903 2274 1968 de

436 2083 500 2151 quo
518 2075 618 2142 supra
634 2057 726 2135 (pag.
741 2043 820 2131 83.)
850 2042 965 2129 ltaque
986 2043 1094 2125 imago
1117 2035 1214 2116 Luni,
1236 2030 1452 2113 nomunculi,
1469 2041 1526 2094 aut
1541 2030 1707 2111 rtriusqua
1728 2043 1831 2089 sexus
1848 2019 2006 2086 indicibus
2026 2019 2089 2084 luit
2110 2022 2274 2106 insignita.

523 2166 677 2243 Mendes,
700 2163 841 2243 Μενδης,
861 2163 897 2244 ῼ,
921 2175 1150 2241 nonnunquam
1175 2150 1197 2221 ll
1226 2152 1383 2238 designat.
1405 2221 1407 2226 ,
1426 2145 1542 2212 'l'radit
1563 2142 1750 2208 Herodotus
1774 2137 1930 2225 (tito),
1953 2138 2065 2202 vocari
2085 2149 2118 2201 at
2139 2134 2274 2220 hircum,

300 2359 307 2370 ,
439 2304 473 2358 et
491 2289 581 2354 Pana
602 2280 801 2366 Aegyptiace
824 2274 987 2340 Mendem.
1030 2270 1113 2336 Item
1138 2253 2273 2355 scitas(s.tttotqu),tt1enden,inquitAegyptttdtcmtPana.

440 2391 631 2474 Assentitui
648 2395 786 2462 Nonnus
811 2391 929 2476 aliique
950 2391 996 2476 (v.
1008 2385 1188 2453 Bochartus
1202 2385 1334 2449 Hieros.
1350 2382 1386 2446 Ρ.
1401 2379 1428 2446 Ι.
1449 2381 1490 2449 L.
1504 2378 1531 2444 Ι.
1554 2400 1581 2443 c.
1600 2379 1688 2459 43.).
1730 2375 1794 2440 Hic
1815 2373 1969 2455 Mendes,
2002 2393 2062 2438 sau
2083 2373 2169 2453 l'au,
2194 2388 2276 2440 teste

437 2519 603 2590 Herodoto
624 2509 777 2596 (lt.4e.)‚
800 2529 822 2572 a
842 2505 1028 2570 Mendesiis
1046 2507 1137 2566 inter
1153 2511 1228 2567 octo
1247 2499 1325 2565 dees
1341 2505 1544 2574 sumeretur,
1567 2514 1646 2580 psus
1665 2501 1739 2557 octo
1760 2497 1857 2557 ciust
1875 2495 2006 2578 prs'ores
2025 2487 2195 2554 dsodecs'ss
2215 2493 2278 2558 ἀίει

440 2617 607 2702 emitote.
650 2627 740 2713 Ergo
761 2624 896 2690 Mendes
917 2620 1083 2706 planetam
1105 2617 1277 2705 significat.
1322 2612 1431 2690 Quum
1451 2633 1530 2678 vero
1552 2622 1681 2677 veteres
1702 2630 1814 2676 omnes
1835 2610 1868 2672 in
1890 2609 2165 2688 eo'cousentiant,
2185 2607 2277 2674 Mau·
2360 2615 2368 2630 '

439 2752 512 2817 deur
540 2743 725 2834 significare
752 2739 993 2827 generationem
1016 2748 1050 2800 et
1074 2736 1195 2798 coitum
1220 2731 1320 2814 (labl.
1337 2731 1453 2797 Pantb.
1470 2728 1574 2794 1..11.
1596 2731 1660 2794 280
1675 2726 1752 2810 ss.);
1782 2725 1904 2790 clarum
1924 2737 1992 2807 est,
2019 2724 2125 2812 Rbus
2143 2726 2278 2792 virtutes

442 2878 613 2934 exercente
637 2860 740 2946 (Its.
755 2860 841 2940 bb),
869 2855 954 2920 bunc
983 2854 1079 2918 deum
1100 2854 1125 2935 ῼ
1146 2850 1309 2936 planetam
1331 2845 1524 2935 significare.
1564 2845 1675 2909 Etiam
1696 2863 1813 2908 noman
1836 2842 1972 2908 Mendes
1991 2838 2203 2931 m-ltruo',
2224 2843 2280 2909 vel

440 2974 652 3062 ummo}
669 2974 847 3059 plantatio,
871 2970 926 3037 vel
946 2953 1038 3034 usse‘r
1059 2968 1246 3052 generandi
1253 3011 1263 3044 ,
1290 2974 1314 3046 ῼ
1342 2967 1556 3052 proprietates
1578 2961 1744 3047 exprimit.
1786 2960 1938 3044 Accedit,
1967 2959 2053 3048 qnod
2081 2956 2214 3024 Mendes
2241 2966 2279 3027 iu

443 3093 611 3182 prouincia
631 3087 800 3155 Mendesia
824 3087 929 3153 cultus
955 3087 1038 3168 tuit,
1065 3106 1146 3171 quae
1171 3084 1344 3170 respondet
1365 3081 1474 3148 domui
1496 3082 1522 3163 ῼ
1545 3099 1603 3145 seu
1632 3091 1674 3148 ἐξ
1697 3080 1802 3165 siguo.
1845 3079 1921 3146 Nou
1948 3097 2027 3163 opcs
2040 3088 2098 3170 ¹est
2118 3073 2276 3160 pluribus.

445 3208 554 3286 Quom
576 3227 656 3271 vero
673 3212 709 3283 ω
730 3201 865 3289 singulis
894 3207 927 3268 in
952 3203 1053 3289 signis
1074 3201 1211 3266 formam
1231 3212 1358 3265 mutare
1386 3211 1482 3283 atque
1508 3200 1710 3264 dominorum
1731 3195 1930 3282 singulorum
1950 3194 2161 3280 proprietates
2181 3218 2279 3264 asso-

444 3345 533 3391 mere
556 3321 697 3399 dicatur,
718 3321 872 3405 sapitur,
893 3319 1078 3385 Mendetem
1101 3320 1199 3382 etiam
1218 3322 1257 3401 Θ
1277 3311 1470 3400 siguificare,
1492 3318 1527 3380 in
1546 3320 1571 3399 ῼ
1592 3311 1849 3401 possessionibus
1868 3326 2062 3380 remantem.
2103 3311 2159 3378 Sic
2176 3318 2280 3382 Euse-

446 3440 519 3506 bius
540 3438 590 3522 (P.
606 3436 646 3499 Ε.
660 3433 721 3508 ΠΙ.
741 3456 769 3499 c.
789 3434 854 3518 tt.)
881 3447 914 3501 et
937 3431 1121 3502 Macrobius
1142 3432 1226 3516 (Sat.
1243 3431 1271 3497 l.
1296 3452 1324 3495 e.
1343 3435 1394 3496 17.
1412 3434 1480 3512 19.)
1501 3430 1569 3496 Soli
1583 3434 1648 3514 vim
1667 3433 1901 3517 generatricem
1926 3427 2114 3496 adscribunt
2137 3444 2281 3520 tempore

445 3574 562 3634 verno,
583 3553 653 3616 siue
676 3553 711 3616 iu
733 3553 834 3639 siguis
855 3554 880 3638 2
903 3550 1053 3617 subiectis
1075 3550 1260 3613 constituto.
1291 3545 1376 3612 Hinc
1400 3560 1486 3612 recta
1501 3545 1666 3612 Diodorus
1694 3546 1750 3627 (L.
1761 3545 1789 3612 l.
1810 3569 1844 3632 p.
1852 3553 1905 3612 29.
1923 3545 2043 3628 wat),
2062 3547 2224 3615 Osiridem
2247 3566 2280 3619 et

444 3673 535 3738 Paua
554 3667 691 3732 eundem
710 3687 782 3732 essa
802 3680 949 3733 testatur.
986 3667 1114 3744 Osirim,
1130 3665 1244 3750 inquit,
1259 3667 1351 3728 stede
1368 3659 1524 3748 Serapis,
1538 3662 1631 3727 ssodo
1647 3659 1840 3746 Dionysus,
1853 3663 2018 3729 istst-dtus
2033 3664 2215 3750 Plutones,
2231 3675 2282 3734 s's-

447 3782 575 3848 terdsss
588 3780 784 3865 Αιοιοοοιι,
800 3783 992 3869 quaudoque
1004 3779 1129 3859 Iosess,
1142 3799 1208 3844 nos
1222 3799 1302 3842 roso
1316 3778 1413 3843 Pasa
1431 3797 1503 3843 esse
1514 3786 1648 3864 pstcct.
1669 3778 1861 3846 Plutarchus
1873 3779 1970 3867 (lap.
1983 3785 2085 3863 370),
2100 3783 2219 3862 solta,
2231 3790 2280 3852 in-

447 3901 529 3987 quit,
552 3903 590 3962 s's
613 3899 696 3962 tecte
717 3899 899 3964 ostesds'tss
920 3899 1127 3964 οἰοιοῐοονοιι
1149 3894 1298 3972 (luridis,
1314 3893 1460 3959 mnaso
1480 3899 1601 3978 specte,
1617 3903 1728 3962 erecto
1749 3903 1900 3974 ceretro,
1924 3894 1970 3960 od
1987 3895 2198 3962 iudicanda·
2215 3907 2279 3966 οἱ.

446 4014 611 4100 ςοζοοοοίο·
630 4010 801 4080 studendi.
839 4013 960 4100 Negari
982 4034 1062 4078 vero
1084 4014 1206 4100 nequit,
1224 4010 1385 4076 osiridem
1407 4031 1479 4076 esse
1499 4007 1544 4116 Q
1556 4010 1590 4074 in
1611 4019 1634 4088 2
1657 4033 1751 4099 ngoo
1772 4023 1814 4080 st
1837 4023 2033 4078 remantem.
2067 4012 2179 4080 Simile
2198 4019 2284 4086 cadit

447 4133 483 4196 ia
508 4137 551 4214 2,
572 4148 668 4216 quae,
692 4148 791 4214 quum
811 4149 898 4194 uoua
921 4141 982 4209 est,
1004 4127 1116 4193 eadem
1138 4127 1211 4194 eliis
1232 4128 1387 4212 insignis
1408 4124 1545 4192 aliorum
1566 4125 1766 4195 dominorum
1787 4131 2001 4215 proprietates
2023 4133 2166 4196 assumit.
2194 4133 2286 4204 Hinc

448 4246 534 4310 forte
554 4242 735 4331 Stephanus
753 4242 852 4308 tradit
871 4247 919 4327 (r.
934 4242 1135 4330 Panopolis),
1153 4243 1253 4325 Paua,
1268 4223 1341 4308 euru
1362 4257 1470 4309 erecto
1494 4256 1620 4309 veretro
1641 4245 1775 4332 aliisque
1796 4242 1988 4331 insignibus,
2003 4267 2075 4312 esse
2093 4248 2280 4335 imaginem,

449 4358 503 4426 vel
523 4357 704 4444 symbolum
724 4360 850 4425 Lunae.
893 4357 1056 4442 Ceterum,
1080 4381 1179 4446 quum
1198 4359 1365 4446 l'aucpoli,
1388 4379 1472 4445 quae
1491 4362 1665 4446 respondet
1685 4363 1835 4428 decumae
1855 4361 1876 4430 il
1905 4363 1939 4427 in
1955 4369 2000 4444 ὅ,
2021 4363 2097 4438 l'an,
2117 4359 2170 4425 vel
2186 4363 2284 4434 Pria-

449 4496 529 4560 pua,
559 4475 677 4560 quippe
698 4496 771 4541 cum
790 4474 942 4542 Mendete
962 4489 1185 4562 comparatus,
1206 4473 1310 4540 cultus
1331 4474 1445 4550 luerim
1474 4473 1611 4542 Mendes
1638 4475 1723 4542 hand
1745 4475 1842 4543 dubie
1864 4471 1960 4545 etiam
1986 4482 2008 4564 ἓ
2033 4487 2119 4542 certo
2140 4475 2289 4560 quodam

451 4601 599 4672 respectu
620 4587 827 4674 significauit.
871 4589 1142 4678 Distinguendum
1163 4605 1271 4656 autem
1292 4590 1420 4656 videtur
1440 4592 1525 4656 inter
1548 4592 1637 4659 Paua
1657 4607 1690 4659 et
1709 4594 1874 4684 Priapum,
1894 4597 1929 4660 in
1950 4615 2013 4682 quo
2034 4596 2133 4660 etiarn
2154 4607 2290 4663 veteres
2319 4664 2326 4680 ¹

451 4720 681 4785 nauuuuquasn
700 4724 852 4790 peccasse
877 4707 1037 4774 videntur.
1079 4707 1153 4773 lluc
1179 4707 1276 4787 lacit,
1306 4707 1392 4794 quod
1412 4705 1625 4794 Aesculapius
1645 4708 1709 4797 (32)
1732 4711 1847 4778 dicitur
1867 4709 1954 4776 lilius
1973 4712 2055 4778 Pani
2075 4709 2140 4798 (li)
2161 4723 2193 4776 et
2215 4711 2291 4780 lla·

451 4813 680 4905 pbaastobules
700 4817 775 4902 (lib
816 4817 1027 4907 Aesculapius
1049 4825 1134 4888 euim
1152 4823 1294 4888 medicus
1315 4833 1402 4886 recte
1423 4822 1540 4890 dicitur
1559 4823 1647 4892 lilius
1673 4826 1713 4911 ll,
1734 4841 1803 4894 tum
1823 4827 1951 4908 interni,
1975 4840 2045 4892 turn
2066 4829 2210 4912 superui,
2234 4853 2292 4898 sa-

330 5011 338 5020 ·
451 4935 570 5020 piantis
590 4931 678 4998 illins
697 4945 731 4998 at
752 4931 928 4998 medicinae
945 4941 1094 5005 auctoris.
1139 4938 1234 5016 Qnod
1255 4939 1392 5025 denique
1415 4939 1587 5008 simulacra
1600 4941 1762 5010 Mendetis
1782 4946 1908 5025 attinet,
1930 4943 2067 5008 traditur
2089 4965 2166 5008 eum
2185 4946 2293 5014 luisse

452 5051 557 5135 capite
574 5047 710 5128 hircino,
732 5047 867 5136 aliisque
887 5051 1033 5138 partibus
1047 5053 1178 5120 hircinis
1200 5069 1233 5120 at
1247 5054 1441 5142 genitalibus
1453 5059 1649 5144 insignitum.
1692 5058 1808 5124 Suidaa
1827 5061 1876 5146 (in
1888 5081 1920 5125 v.
1933 5058 2094 5142 Mendes),
2115 5057 2291 5150 Menalcas,

451 5169 571 5254 inquit,
600 5166 760 5251 Aegyptio·
778 5163 894 5230 ds'csst
913 5167 1053 5248 Pusess,
1080 5178 1119 5234 ct
1140 5175 1197 5253 pus·
1214 5173 1308 5236 celtu
1321 5169 1482 5256 fingatur
1503 5171 1642 5240 ltreise.
1683 5172 1819 5240 Nounus
1848 5175 2001 5262 (Gregor.
2023 5173 2107 5242 Nes.
2129 5174 2174 5241 ll.
2198 5181 2294 5264 27.):

453 5284 526 5349 Pan
544 5279 706 5347 tacteus
721 5279 851 5360 faciest
873 5279 981 5348 tates.
1023 5281 1072 5348 m
1097 5289 1195 5346 tanta
1216 5284 1380 5368 religione
1399 5284 1590 5353 Mendetess
1609 5288 1695 5353 lune
1717 5293 1788 5354 ss'ue
1809 5290 1906 5355 Pasa
1929 5291 2059 5370 colunt,
2079 5299 2118 5354 ot
2137 5299 2241 5358 eston
2265 5318 2297 5362 a
