4860 6092
887 533 1255 614 -131--

147 727 240 794 illam
263 723 468 814 sequentibus
491 722 705 788 luculenter?
727 723 885 808 planetas,
906 722 960 787 vel
974 721 1130 809 Cabyrcn
1153 725 1479 812 decsAegyptiorum
1497 732 1660 796 maximos
1684 739 1780 802 canit.
1807 736 1981 808 Inachi-

145 849 203 928 (a)
233 851 369 908 inerant
394 843 528 908 lunaria
550 840 671 916 fronti
696 859 837 916 curcua,
866 859 937 912 cum
965 844 1064 924 spicit
1089 841 1194 905 nitido
1208 840 1417 924 flectentibus
1444 863 1528 906 carc
1552 853 1588 908 ct
1614 851 1731 930 regale
1758 853 1878 932 electen
1912 883 1982 926 cum
2011 871 2016 886 ·

148 981 209 1044 quc
241 960 388 1024 latrator
417 955 545 1023 Aaedc'c
569 956 623 1040 (9)
637 1003 639 1008 .
652 963 832 1040 cunctaque
854 952 1011 1018 Bubastis
1037 957 1101 1039 (ῼ)
1123 960 1291 1039 cauteque
1319 955 1484 1022 calcatas
1505 957 1592 1044 Apte
1620 962 1697 1048 (Θ),
1724 974 1844 1052 quique
1863 985 1985 1058 premet

146 1095 256 1141 uocem
282 1075 453 1161 digitoque
482 1074 618 1139 silentiu
646 1070 768 1135 suadet
793 1070 868 1154 (b),
899 1077 1064 1156 sistraque
1094 1072 1222 1153 (Inachi
1242 1072 1283 1159 p)
1306 1081 1433 1142 xerunt:
1461 1093 1686 1163 nunquamque
1712 1089 1796 1147 tutte
1816 1097 1982 1173 quaesitus

147 1191 252 1264 Osiris
271 1193 349 1276 (2)),
367 1191 533 1276 plenaque
555 1186 733 1264 somniferi
749 1205 884 1272 respect
897 1193 1083 1271 peregrina
1105 1191 1316 1272 uencai'sty).
1348 1187 1455 1265 Quum
1471 1214 1549 1256 vero
1566 1191 1718 1262 Bubastis
1735 1199 1816 1288 ad2
1841 1220 1979 1290 spectet3

146 1310 305 1394 sequitur,
330 1308 466 1374 eandem
494 1306 609 1370 referri
638 1300 755 1368 debere
785 1303 826 1368 ad
854 1310 878 1390 2
903 1303 1121 1386 domiciliut,t
1152 1319 1184 1371 et
1210 1318 1271 1388 -.t².·‚
1303 1320 1359 1372 aut
1383 1306 1497 1374 saltem
1524 1310 1565 1374 ad
1589 1323 1642 1379 ὓ.
1688 1313 1807 1402 Vtique
1828 1319 1981 1390 Bubastis

145 1423 242 1506 vrbs,
269 1447 366 1511 quam
388 1424 553 1490 Diodorus
575 1421 617 1505 (1.
633 1421 704 1503 23.)
728 1420 805 1484 dicit
834 1419 912 1484 lsidi
925 1424 997 1500 (9)
1017 1417 1238 1505 aedificatum,
1264 1426 1439 1509 respondet
1464 1427 1556 1512 siguo
1578 1439 1632 1495 ὑ.
1674 1429 1750 1496 Huc
1771 1435 1866 1518 lacit,
1895 1441 1980 1526 quod

143 1542 300 1623 Artemis,
321 1545 392 1606 siue
412 1539 566 1604 Bubastis
582 1550 666 1602 teste
681 1537 848 1602 Herodoto
869 1535 1128 1621 (11137138),
1153 1539 1268 1604 dicitur
1286 1539 1355 1604 filia
1370 1540 1507 1626 Dionysi
1525 1557 1558 1608 et
1576 1543 1682 1612 tridir.
1725 1547 1871 1616 Bacchus
1892 1558 1978 1622 enim

145 1657 254 1723 Osirin
275 1671 325 1722 est
348 1657 383 1727 Θ
403 1652 617 1734 autumnalis,
644 1666 680 1716 vt
702 1653 840 1718 vidimus
863 1655 911 1739 (p.
927 1654 1034 1734 113),
1063 1657 1119 1740 qui
1138 1657 1278 1741 pertinet
1301 1657 1343 1720 ad
1366 1670 1407 1728 a
1431 1671 1469 1734 nt
1497 1669 1543 1740 φ,
1576 1667 1671 1748 atque
1690 1663 1752 1730 Isis
1772 1669 1836 1750 (1))
1858 1671 1977 1736 diserte

143 1775 201 1840 illu
223 1778 258 1848 in
280 1771 351 1871 lopo
373 1772 579 1858 distinguitur
601 1790 621 1832 a
643 1765 778 1834 bubasti
800 1771 863 1854 (2).
906 1767 1017 1852 Adde,
1040 1771 1126 1857 quod
1152 1772 1293 1837 Artemis
1316 1774 1386 1838 siue
1407 1750 1515 1840 Diana
1539 1779 1573 1841 in
1600 1776 1696 1844 selem
1717 1795 1842 1847 mutata
1864 1786 1978 1852 dicitur

143 1901 154 1970 ί
160 1895 226 1958 Αιι.
241 1889 385 1977 Liberel.
399 1887 478 1954 Met.
493 1887 521 1951 F
522 1935 529 1952 .
542 1887 630 1971 28.),
652 1907 749 1973 quum
769 1885 840 1951 Dii·
852 1885 1004 1975 lugerent
1024 1885 1226 1973 Typhonem.
1270 1888 1406 1954 Constat
1426 1913 1516 1973 vero,
1538 1893 1612 1958 illos
1631 1901 1671 1958 12
1694 1896 1770 1961 deos
1792 1920 1863 1965 esse
1884 1905 1977 1989 signa

142 2011 290 2096 Zodiaei.¹
332 2007 419 2091 Ergo
438 2003 579 2070 Artemis
602 2003 662 2068 boc
681 2003 753 2068 laco
772 2026 838 2068 non
859 2003 900 2067 ad
922 2003 1085 2095 planetam
1108 2018 1253 2091 spectet,
1274 2008 1332 2070 sed
1351 2009 1489 2094 signum.
1532 2010 1739 2099 Suffragatur
1757 2017 1862 2099 ipsum
1883 2015 1979 2086 Arte·

142 2131 208 2192 mis
228 2145 355 2204 nomen,
378 2120 602 2208 quippequod
624 2134 750 2186 constet
771 2120 939 2186 vocabulis
960 2140 1020 2224 ωρ
1042 2119 1165 2200 Horten,
1185 2135 1218 2186 et
1236 2143 1349 2214 mm,
1372 2142 1482 2219 eum,
1510 2133 1765 2211 onustuetttta,
1780 2136 1884 2212 θιμις,
1912 2137 1979 2202 lta.

141 2267 207 2332 que
232 2244 402 2329 Ἀρ-τιμις
425 2237 586 2326 significat
613 2236 745 2330 Herum
768 2243 946 2315 iustitium,
976 2237 1029 2302 vel
1051 2237 1297 2318 laetificantem.
1337 2243 1449 2308 Herus
1474 2266 1552 2310 vero
1574 2241 1734 2332 signifieat
1755 2270 1917 2336 nunquam
1938 2255 1977 2338 p,

140 2383 232 2426 sane*
247 2381 325 2424 vero
349 2367 387 2436 23
418 2372 513 2444 atque
536 2359 570 2420 in
592 2358 807 2423 monumentis
830 2347 1039 2442 Aegyptiacis
1066 2366 1090 2438 ῼ
1122 2358 1235 2424 domus
1258 2367 1320 2441 ὣ,
1342 2359 1449 2448 figura
1469 2361 1590 2444 librae,
1621 2362 1676 2428 vel
1698 2363 1837 2431 hominis
1857 2367 1979 2435 delibe-

140 2481 249 2544 rantis
271 2477 472 2561 exprimitur.
515 2472 716 2572 Vndehaud
731 2472 827 2538 dubie
843 2485 885 2540 st
906 2474 939 2538 in
961 2473 1135 2540 Zodiacum
1154 2476 1369 2560 receptafuit.
1414 2474 1567 2542 Ceterum
1588 2481 1658 2563 ipse
1672 2479 1857 2547 Herodotus
1880 2499 1979 2553 testa·

143 2609 211 2674 tur,
234 2596 362 2660 notoiue
385 2595 518 2660 deorum
542 2615 588 2659 ex
608 2591 757 2679 Aegypto
779 2595 814 2656 in
833 2591 1002 2676 Graeciam
1022 2595 1161 2658 venisse.
1204 2595 1304 2660 Porro
1326 2593 1390 2658 buc
1411 2593 1506 2674 facit,
1529 2594 1614 2679 quod
1635 2592 1770 2659 Bnbesti
1791 2596 1872 2663 feles
1892 2601 1981 2667 ccle-

139 2715 275 2794 bantur,
297 2727 393 2799 etque
413 2709 487 2778 lclrs
506 2709 577 2776 filia
596 2709 693 2776 Isidis
715 2708 881 2784 dicebatur
903 2706 1103 2794 (Demetrius
1117 2706 1208 2776 Elec.
1224 2713 1255 2787 ἱ.
1270 2712 1343 2773 159.
1360 2707 1457 2788 (lm).
1499 2706 1595 2782 Quod
1616 2710 1702 2770 enirn
1721 2709 1807 2788 ielis,
1827 2711 1979 2783 Bubastis

138 2837 174 2896 in
197 2829 283 2896 vrbe
302 2829 399 2911 culta,
423 2829 463 2894 ab
486 2828 571 2894 Iside
586 2829 696 2912 genita
718 2825 845 2902 dicitur,
862 2845 907 2888 cx
928 2841 969 2888 eu
986 2823 1108 2889 clarum
1130 2838 1189 2906 est,
1205 2823 1315 2898 telem,
1333 2821 1514 2906 symbolum
1533 2819 1686 2886 Bubastis
1706 2822 1796 2906 dena,
1818 2825 1979 2899 diuersam

136 2952 245 3015 fuisse
275 2947 316 3012 ab
337 2945 423 3034 lside
445 2946 521 3030 (2).
562 2943 621 3008 Et·
637 2942 698 3006 hoc
721 2939 890 3004 confirmat
911 2916 1027 3004 nomen
1052 2943 1170 3024 ipsum.
1213 2937 1367 3004 Bubastis
1389 2939 1474 3002 euim
1496 2935 1700 3002 hauddubie
1721 2955 1981 3041 constetnfflg-

134 3059 299 3153 8710ιῆ
320 3062 353 3128 h.
371 3086 400 3126 e.
421 3059 540 3126 Lunae
554 3078 679 3125 caccee
693 3059 821 3137 donum,
837 3055 890 3120 vel
902 3061 1098 3138 progenies.
1126 3052 1269 3120 Bubasin
1286 3058 1371 3117 enim
1385 3055 1515 3117 Lunam
1535 3054 1707 3138 denotare,
1730 3077 1826 3143 supra
1847 3061 1977 3134 dictum.

133 3186 319 3250 Praeterea
339 3179 484 3242 maxima
513 3190 562 3242 est
583 3179 668 3240 inter
690 3181 715 3258 2
735 3187 768 3238 et
796 3181 823 3252 2
857 3173 1000 3238 affinitas
1028 3171 1289 3258 apotelesmaticn
1311 3169 1353 3252 (l.
1368 3177 1399 3251 fi.
1416 3175 1468 3234 54.
1482 3193 1514 3258 p.
1530 3172 1610 3256 68.).
1647 3171 1816 3240 Bubastim
1840 3203 1918 3246 vero
1942 3202 1979 3251 vt

131 3313 179 3382 ῼ,
204 3303 314 3363 itaet
337 3301 365 3370 p
389 3295 423 3356 in
449 3303 491 3372 ᾧ
515 3300 537 3369 ῼ
560 3289 719 3356 domicilio
742 3287 926 3376 significare
946 3309 1061 3376 posta,
1082 3286 1193 3352 claret.
1236 3285 1357 3352 Notum
1379 3300 1446 3370 est,
1467 3286 1646 3355 maximum
1668 3297 1839 3379 quotannis
1860 3298 1979 3368 festum

130 3415 296 3482 habitum
316 3409 416 3474 fuisse
437 3405 573 3472 Bubasti
594 3410 628 3471 in
650 3407 805 3472 honoram
826 3405 990 3474 Bubastis.
1033 3403 1108 3470 Non
1134 3425 1212 3470 vero
1233 3405 1296 3470 nisi
1317 3427 1415 3470 vnum
1435 3404 1646 3472 Noniluuium
1667 3423 1717 3473 est
1736 3415 1922 3496 primarium
1943 3426 1978 3488 in

130 3547 177 3602 ἑ
205 3527 403 3615 quotannist
438 3537 535 3612 atque
556 3522 712 3590 Bubastia
735 3546 846 3595 omnes
874 3528 1125 3610 interpretantur
1146 3522 1305 3604 Dianam,
1323 3545 1423 3609 quae,
1450 3545 1547 3610 quum
1569 3547 1691 3592 cornua
1717 3525 1843 3596 lanaria
1872 3553 1976 3620 gerat,

129 3671 201 3715 non
226 3645 295 3710 nisi
315 3648 340 3720 b
361 3640 544 3728 significare
570 3654 688 3727 potest.
730 3638 840 3718 Quare
862 3638 1016 3706 Bubastis
1036 3638 1122 3704 baud
1144 3637 1239 3705 dubie
1261 3641 1290 3725 h
1314 3643 1348 3704 in
1373 3653 1417 3708 ὣ
1439 3639 1610 3728 significet.
1653 3641 1803 3708 Vidimus
1826 3651 1910 3711 enim
1932 3672 1977 3714 ex

131 3765 388 3843 Chaeremon,
412 3763 509 3826 etiam
536 3765 561 3836 J)
584 3757 679 3822 uliam
701 3757 764 3823 dici
791 3761 825 3824 in
853 3756 926 3824 eliis
946 3759 1057 3843 riguis.
1100 3757 1185 3822 Hinc
1205 3769 1292 3822 recte
1314 3756 1427 3824 Cicero
1450 3757 1541 3843 (Nat.
1557 3754 1598 3820 l).
1614 3755 1675 3822 111.
1694 3758 1763 3846 20.)
1787 3775 1820 3826 et
1841 3762 1979 3830 Ouidius

131 3881 234 3966 (Met.
252 3875 337 3942 XV.
356 3875 444 3965 too.)
467 3875 608 3942 Dianam
628 3875 813 3959 (Bubastia)
832 3877 936 3963 pro)
955 3873 1148 3942 habuerunt.
1191 3876 1292 3942 Porro
1315 3875 1394 3942 deae
1410 3874 1547 3940 Bubatti
1569 3895 1646 3938 cura
1666 3853 1904 3964 puerperarum·
1921 3885 1978 3948 ad·

130 3991 1077 4081 rcrihttnrtamhctttr.1.⁷2.p.154.wech.),.quam
1098 3993 1216 4060 Graeci
1237 4007 1271 4059 ct
1290 3993 1400 4058 Latini
1422 3993 1567 4058 Lucinae
1592 4005 1626 4056 et
1645 3991 1794 4078 Ilithyiee
1822 3993 1975 4063 tribuunt.

131 4117 299 4202 ,Vtraque
317 4131 396 4176 vero
416 4111 488 4192 dea,
511 4114 559 4176 vti
579 4125 730 4194 constat,·
745 4113 787 4178 ad
812 4110 840 4194 1>
859 4111 1000 4195 pertinet
1018 4108 1198 4196 (lablonslr.
1215 4109 1332 4177 Pauth.
1347 4109 1388 4176 1..
1403 4108 1465 4175 lIl.
1479 4134 1514 4197 p.
1530 4114 1582 4176 71.
1598 4114 1663 4192 79.)
1703 4111 1787 4175 llice
1804 4113 1881 4177 vrbs
1901 4114 1976 4180 Ele·

133 4235 230 4318 tbyia
250 4235 344 4296 inter
365 4227 489 4320 Ombos
510 4243 543 4292 et
560 4227 692 4296 Thebas
717 4230 781 4292 site
801 4227 974 4312 respondet
995 4225 1145 4294 decuriae
1165 4234 1189 4306 1>
1209 4230 1243 4294 ln
1262 4247 1319 4297 stt.
1357 4227 1480 4293 Plinius
1498 4229 1558 4311 (ll.
1575 4253 1603 4295 c.
1620 4228 1705 4311 101.)
1728 4226 1835 4306 tradit,
1859 4229 1977 4297 hence

134 4350 231 4414 eidus
247 4353 391 4433 partem
404 4345 577 4443 ediscere.
620 4344 763 4426 Accedit,
783 4345 868 4431 quod
884 4357 1012 4412 veteres
1026 4345 1123 4411 felem
1139 4347 1247 4414 dicum
1261 4357 1288 4424 1)
1302 4357 1555 4432 repraesentare.
1596 4343 1787 4409 Plutarchus
1808 4344 1977 4430 (11376),

129 4463 239 4544 felte,
262 4465 391 4549 inquis„
406 4457 537 4526 Lacca
563 4469 808 4548 repraesentat.
850 4460 938 4526 Hinc
958 4461 1069 4528 fabula
1091 4463 1132 4534 da
1153 4469 1196 4530 28
1216 4463 1331 4530 catulis
1353 4485 1373 4526 a
1394 4461 1459 4529 lale
1481 4481 1539 4544 per
1560 4458 1705 4544 singulos
1725 4482 1852 4526 mentes
1873 4462 1977 4529 editis.

136 4578 243 4644 Feles
272 4597 355 4642 vern
376 4577 529 4656 liuberti,
557 4599 639 4664 quae
666 4585 691 4658 ῼ
718 4591 768 4644 est
790 4578 922 4662 domus,
947 4578 1052 4648 cultae
1075 4582 1217 4648 fuerunt.
1261 4578 1371 4656 Quare
1391 4577 1544 4644 Bubastis
1566 4595 1643 4642 saue
1665 4585 1707 4659 ῼ,
1730 4576 1805 4643 hinc
1828 4585 1857 4656 2
1877 4573 1915 4644 iri
1935 4594 1978 4649 εἰ·

137 4691 336 4780 significare
357 4693 475 4760 debuit.
520 4693 768 4779 Intelligendum
791 4715 863 4760 arse
884 4695 1096 4764 Noniluuium
1116 4701 1151 4764 in
1165 4709 1222 4779 ὲ,
1244 4673 1350 4762 exeo
1372 4694 1526 4781 sequitur,
1543 4693 1628 4780 qnod
1648 4692 1816 4760 Nouilucii
1836 4699 1981 4761 maxima

137 4817 193 4877 vis
216 4808 407 4896 putabatur.
448 4809 564 4876 Tradit
584 4808 934 4897 Porphyrius·(Eueeb.
949 4814 985 4878 P.
999 4815 1041 4879 L.
1056 4813 1119 4880 lll.
1135 4811 1223 4895 XL),
1243 4815 1364 4896 portet·
1384 4807 1530 4875 Duum
1540 4829 1721 4896 praetere,
1744 4812 1831 4900 quod
1850 4813 1983 4877 eosdm

137 4933 202 4993 ue'o
225 4929 280 4990 ot't
303 4925 463 5010 quaedam
482 4933 574 5006 terit,
596 4925 857 5014 petaepurt'ettdt'
870 4926 1082 5003 facilitates·
1105 4925 1257 5003 adferat.
1300 4924 1394 4992 Adde
1408 4927 1582 4994 Horatium
1595 4929 1676 5006 del)
1698 4951 1783 4996 nona
1798 4943 1982 4996 canentem:

136 5051 213 5116 rite
237 5051 441 5107 mercemur
455 5042 544 5120 face
563 5043 778 5122 noctiluca,
794 5059 990 5125 properata
1003 5042 1168 5124 frugem,
1191 5039 1391 5136 celeremque
1404 5064 1530 5130 prom
1550 5045 1685 5109 coluere
1709 5067 1844 5113 creater.
1888 5048 1983 5125 Quod

136 5164 269 5231 attinet
292 5158 641 5242 imaginesbubattis,
664 5159 786 5224 clarum
808 5169 887 5240 ests
903 5175 1001 5243 quum
1021 5155 1104 5222 icles
1125 5158 1157 5224 ei
1174 5177 1285 5222 sacrae
1305 5161 1444 5242 luerint,
1469 5175 1576 5328 atqup³
1588 5144 1778 5230 animalibus
1798 5167 1896 5232 scens
1915 5166 1982 5228 suis

1596 5267 1615 5328 2
