4896 6096
1581 976 1779 1058 ffiffi?·

1582 1079 1692 1144 llorns

990 1716 1084 1801 De
1141 1717 1766 1825 dicipartibus.

542 1880 629 1945 Ante
657 1881 766 1945 omnia
786 1877 972 1963 quaeritur,
1003 1874 1088 1961 quod
1117 1875 1344 1961 grauisumum
1374 1887 1423 1940 est
1452 1877 1486 1939 in
1515 1875 1731 1954 astronomia,
1764 1896 1828 1960 quo
1857 1887 1999 1961 tempore
2030 1877 2184 1963 Aegyptii
2212 1873 2297 1939 diem

458 2001 646 2084 inceperint.
690 1994 890 2063 ludentium
915 1991 1180 2080 pendetinitium
1201 1995 1373 2075 mensium,
1397 2013 1554 2057 annorum
1578 2005 1675 2079 atque
1696 1995 1861 2056 variorum
1889 1991 2061 2075 cyclorum.
2104 1991 2148 2057 Et
2168 1993 2298 2057 tradunt

460 2113 590 2198 quidem
615 2125 758 2193 veteres,
786 2109 842 2174 alii
862 2109 947 2174 diem
967 2112 1109 2197 incipere
1130 2114 1255 2176 oriente
1275 2110 1362 2192 sole,
1394 2109 1450 2174 alii
1471 2109 1652 2183 occidente3
1683 2107 1737 2172 alii
1756 2108 1862 2174 medio
1885 2111 1957 2191 die,
1983 2099 2038 2174 alii
2060 2109 2166 2175 media
2186 2123 2296 2182 nocte;

461 2229 516 2294 alii
539 2230 620 2295 hora
642 2237 661 2292 6
684 2231 860 2308 matutina,
886 2226 941 2291 alii
961 2229 1165 2313 vespertina,
1192 2249 1272 2315 quas
1294 2248 1355 2292 nos
1375 2227 1585 2309 dicimusil).
1627 2223 1691 2290 Sed
1711 2224 1833 2291 clarum
1856 2242 1923 2309 est,
1954 2229 2001 2291 vti
2023 2229 2088 2292 iam
2115 2227 2168 2292 alii
2188 2225 2298 2292 obser-

460 2360 595 2428 varunt,
624 2348 657 2411 in
687 2346 738 2410 his
760 2343 917 2430 triplicem
947 2367 1040 2410 vaom
1070 2345 1161 2410 tradi.
1212 2344 1352 2432 Vulgari
1381 2347 1466 2438 enim
1491 2345 1616 2406 ratione
1640 2343 1752 2428 incipit
1771 2343 1840 2408 dies
1860 2365 1933 2410 cum
1962 2343 2132 2430 splendore
2154 2343 2245 2423 solis,
2266 2358 2299 2406 et

460 2461 588 2544 finitur,
621 2483 719 2548 quum
748 2483 817 2526 nox
843 2462 984 2547 ingruit,
1011 2483 1093 2548 quae
1117 2460 1218 2526 horae
1238 2485 1258 2526 a
1279 2459 1434 2543 Gemino,
1465 2457 1673 2541 Ptolemaeo,
1703 2459 1838 2546 aliisque
1862 2475 2019 2527 vocantur
2043 2461 2121 2546 ὧραι
2152 2483 2298 2544 sospesne.

422 2659 424 2670 Ι
461 2578 570 2657 Quum
591 2601 670 2644 vero
692 2579 794 2642 horae
814 2577 854 2642 ud
875 2577 1044 2665 horologia
1065 2593 1098 2644 et
1119 2578 1286 2645 stellarum
1307 2591 1413 2643 ortum
1436 2589 1691 2658 numerarentur,
1716 2575 1839 2642 clarum
1861 2592 1921 2660 est,
1943 2578 2029 2642 diem
2052 2580 2180 2643 nonnisi
2203 2592 2299 2642 anta

462 2710 560 2761 sexta
580 2695 661 2760 hora
690 2697 868 2776 matutina,
901 2710 957 2761 aut
983 2699 1169 2784 vespertina
1195 2699 1364 2782 incepisse.
1414 2691 1495 2760 Dies
1525 2697 1609 2759 enim
1637 2692 1743 2758 ciuilis
1766 2701 1809 2758 24
1841 2693 1994 2760 horarum
2023 2699 2058 2759 in
2088 2695 2168 2760 duas
2190 2709 2299 2781 partes

464 2812 633 2899 aequales,
663 2812 748 2877 diem
774 2810 895 2878 scilicet
924 2834 1021 2878 sensu
1051 2816 1223 2895 strictiori,
1254 2826 1288 2878 et
1309 2826 1437 2879 noctem
1467 2811 1683 2880 diuidebatur.
1726 2809 1830 2886 Quam
1861 2811 1903 2878 olr
1924 2834 1992 2878 rem
2020 2812 2101 2877 haec
2129 2813 2301 2877 statuenda

465 2950 536 2992 esse
557 2929 717 2993 videntur.
750 2925 816 3005 Qui
837 2929 921 2993 diem
944 2931 1178 3016 Aegyptiorum
1197 2943 1291 2996 nocte
1311 2933 1453 3016 incipere
1467 2930 1631 3008 dixerunt,
1654 2930 1690 3010 ii,
1710 2942 1746 2994 vt
1765 2929 1921 3010 Idalerus,
1939 2929 1983 2994 V.
1998 2928 2048 3010 C,
2069 2927 2154 2994 libro
2166 2928 2301 2994 laudato

465 3048 545 3109 satis
558 3044 803 3126 demonstrauit,
826 3048 958 3110 serioris
981 3050 1097 3112 aetatis
1113 3061 1199 3113 sunt.
1228 3044 1337 3123 Quum
1356 3069 1435 3112 vero
1451 3050 1598 3128 sumitur,
1620 3044 1692 3128 hos,
1715 3068 1798 3132 quae
1814 3047 2025 3124 sauderent,
2040 3069 2079 3114 ea
2093 3071 2113 3113 a
2127 3045 2303 3114 maioribus

467 3165 648 3248 accepisse,
681 3161 874 3227 credendum
896 3176 963 3245 est,
993 3184 1051 3246 eos
1071 3163 1161 3252 loqui
1183 3163 1223 3228 de
1245 3162 1296 3228 elic
1315 3164 1431 3230 lunari.
1486 3165 1679 3228 Persuasum
1701 3157 1786 3231 enim
1808 3163 2032 3248 mibiltabeo,
2062 3165 2244 3252 Aegyptios
2265 3181 2302 3229 vt

369 3361 373 3370 .
468 3302 569 3344 annos
592 3280 714 3345 solares
733 3291 766 3344 et
788 3278 938 3362 lunares,
957 3283 1006 3346 ita
1027 3285 1125 3348 etium
1147 3303 1292 3363 meuses,
1314 3283 1391 3369 quin
1413 3283 1622 3368 septimanas,
1651 3293 1684 3344 et
1705 3279 1785 3362 dies,
1808 3295 1842 3349 et
1864 3281 2150 3372 hostiarumque
2171 3288 2301 3372 generis

469 3395 724 3478 adhibuissett).
767 3394 988 3484 chronologia
1008 3402 1094 3464 enim
1110 3400 1244 3482 lunaris,
1265 3419 1348 3486 quae
1372 3398 1434 3463 clici
1453 3411 1572 3484 potest,
1594 3399 1630 3462 in
1650 3397 1745 3462 lestis
1763 3401 1908 3464 maxime
1928 3399 2174 3488 solemnisl'uit.
2216 3403 2303 3470 Hinc

470 3514 554 3600 apud
573 3514 752 3601 Aegyptios
778 3517 973 3600 posteriores
994 3516 1102 3601 cyclus
1130 3515 1269 3598 lunaris,
1295 3535 1337 3590 m
1350 3513 1513 3612 κγκλοο
1527 3515 1607 3591 ᾖτε
1623 3534 1665 3588 m
1677 3535 1753 3607 tog,
1776 3537 1873 3604 saepe
1894 3534 2172 3584 commemoratur.
2208 3522 2304 3588 Luna

469 3657 596 3728 autem,
625 3659 661 3710 rt
680 3647 764 3712 inira
783 3647 972 3734 apparebit,
989 3671 1073 3732 non,
1095 3664 1131 3715 rt
1152 3658 1206 3730 Θ,
1227 3650 1295 3724 rlie;
1322 3651 1381 3715 sed
1402 3663 1497 3716 nocte
1517 3650 1689 3735 incipiente
1707 3671 1802 3715 suum
1822 3651 1956 3736 suscipit
1975 3653 2156 3738 imperium.
2203 3657 2301 3722 l‘orro

470 3761 566 3848 quod,
587 3761 692 3829 Plinio
714 3778 855 3846 auctore,
878 3765 1032 3848 llom'aui,
1061 3766 1218 3853 Aegyptii
1238 3777 1270 3845 et
1295 3770 1365 3853 ipse
1385 3765 1592 3853 Hipparchus
1612 3765 1697 3830 diem
1717 3769 1846 3830 neuen
1866 3768 1973 3832 merlin
2001 3784 2094 3836 nocte
2113 3774 2304 3860 inceperint,

470 3879 503 3940 id
528 3877 627 3964 plane
654 3901 777 3969 negare
802 3883 894 3948 nefas
923 3897 983 3950 est.
1036 3883 1126 3950 Idem
1154 3888 1239 3951 enim
1269 3907 1347 3950 rsus
1375 3882 1431 3948 ab.
1446 3884 1639 3970 Aegyptiis,
1667 3886 1771 3950 omnis
1796 3884 1866 3949 tere
1894 3891 2111 3955 astronomiae
2136 3892 2305 3959 technicae

472 3994 673 4078 auctoribus,
709 3998 750 4063 ad
777 3997 940 4066 Romanos
967 4015 1065 4087 atque
1093 4025 1152 4068 nos
1181 4006 1270 4090 ipsos
1295 4004 1480 4088 peruenisse
1512 4001 1650 4065 videtur.
1694 4000 1801 4088 Atque
1830 4001 1921 4068 hano
1940 4009 2099 4072 rationem
2129 4025 2243 4096 postea
2270 4017 2305 4079 in

471 4111 621 4199 Aegypto
642 4113 837 4198 obtinuisse,
866 4139 1003 4203 sequens
1024 4120 1249 4206 paragraphus
1270 4120 1374 4184 docet.
1420 4116 1526 4193 Quam
1546 4116 1589 4182 ob
1610 4140 1698 4199 rem,
1728 4141 1825 4206 quam
1855 4119 1937 4186 baec
1956 4145 1977 4188 a
1998 4122 2218 4194 sacerdotibus
2239 4131 2307 4196 llo-

473 4231 594 4304 manis,
626 4246 660 4296 vt
682 4236 727 4298 ait
747 4232 889 4314 Plinius,
919 4231 1091 4342 obserupta
1115 4236 1253 4317 luerint,
1276 4233 1442 4321 probabile
1465 4237 1650 4319 est,.buius
1669 4241 1804 4302 naturae
1825 4238 1910 4302 diem
1930 4237 2164 4330 Aegyptiarum
2185 4253 2308 4336 quippe

475 4343 603 4408 muslera
624 4369 683 4432 pro
704 4353 872 4422 sacratiori
894 4371 931 4416 ac
951 4353 1022 4418 iere
1043 4355 1255 4420 astronomica
1277 4349 1421 4416 habitum
1443 4371 1526 4417 esse.
1570 4353 1715 4435 Deinde,
1744 4355 1829 4440 quod
1852 4355 2007 4440 traditur,
2038 4359 2216 4447 ,Aegyptios
2239 4365 2308 4432 diei

475 4461 601 4526 initium
620 4469 766 4548 posuisse
792 4472 826 4534 in
853 4491 892 4534 co
923 4473 1077 4557 temporis
1105 4483 1283 4549 momemo,
1315 4489 1381 4554 qao
1397 4472 1489 4547 &in
1510 4475 1639 4557 peneus
1658 4471 1946 4560 aeqmaoctisllbes
1965 4497 2098 4542 mos
2118 4481 2243 4561 oritur,
2272 4486 2310 4548 iel

477 4577 573 4640 eredo
597 4601 660 4647 non
681 4586 743 4650 nisi
765 4586 807 4652 ao
827 4608 922 4653 vsum
943 4589 1013 4653 iere
1034 4587 1201 4674 vulgarem
1225 4605 1284 4650 nec
1303 4586 1368 4649 nisi
1394 4588 1435 4652 ad
1461 4587 1649 4654 diuisionem
1672 4591 1735 4655 diei
1763 4593 1850 4675 (iude
1874 4590 1915 4658 ab
1934 4584 2011 4659 ¹ortu
2039 4595 2242 4686 sollersque
2265 4603 2308 4664 ad

478 4697 640 4804 occasum)
660 4701 694 4764 in
718 4707 760 4766 12
784 4702 901 4785 boras,
925 4726 1004 4792 quas
1028 4715 1236 4792 sequerentur
1257 4703 1357 4770 horae
1379 4710 1419 4768 12
1441 4717 1635 4788 nouurnaa,
1665 4722 1821 4794 spectare.
1866 4695 1980 4798 Quare*
1996 4723 2094 4798 quum
2118 4736 2148 4779 e.
2169 4735 2201 4800 g.
2226 4717 2310 4783 hora

547 4952 594 5016 89)
611 4954 676 5009 vid.
701 4917 796 5012 ldelcr
819 4957 1012 5027 Chronologlu
1037 4959 1134 5016 Vol.l.
1150 4973 1214 5032 pag.
1224 4961 1282 5014 1⁰⁰.
1300 4975 1339 5013 ts.
1376 4959 1431 5014 uto
1458 4961 1538 5016 cass.
1557 4914 2174 5022 ta.arcent-sranius'ntemnutmroos
2193 4964 2228 5022 iri'
2243 4951 2309 5024 list.

477 5049 504 5100 p.
512 5034 556 5086 ot.
576 5038 634 5091 Vit.
646 5041 722 5096 ttae.
748 5042 941 5098 Ptolemaeus.
959 5041 1052 5096 L.lll.
1068 5059 1091 5097 c.
1105 5049 1130 5098 2.
1150 5063 1175 5116 p.
1187 5047 1245 5101 tos.
1257 5045 1315 5100 lbi.
1332 5045 1383 5099 tlt.
1404 5047 1441 5111 b,
1458 5049 1519 5101 ²⁰2,
1536 5049 1599 5100 2⁰4.
1619 5047 1694 5120 Plin-
1713 5051 1751 5102 H.
1767 5049 1803 5108 N.
1817 5053 1852 5106 tt.
1870 5053 1917 5108 79.
1933 5052 2012 5108 vtlt.
2025 5052 2069 5124 16.
2090 5052 2308 5124 ΜᾲοιιιΕιγιιι.

480 5117 565 5173 veo.
593 5121 713 5182 actutu.
731 5128 766 5182 ac
784 5129 866 5198 virg.
887 5127 989 5182 uua.
1015 5129 1115 5200 cycl·
1136 5131 1171 5186 ιιι
1188 5132 1377 5210 nonnata.
1397 5131 1486 5191 anua
1507 5134 1582 5204 aaa
1867 5118 1873 5134 '

548 5205 593 5272 9⁰)
614 5208 680 5264 vtd.
697 5211 811 5266 Patauii
826 5213 947 5270 Vranol.
965 5229 992 5282 p.
1002 5215 1062 5270 214.
1077 5215 1202 5276 Dissert.
1221 5219 1268 5274 vbi
1289 5236 1362 5290 quae
1380 5219 1548 5274 Damascius
1566 5219 1601 5274 tle
1620 5217 1677 5272 felc
1691 5183 1847 5290 praedicat,
1861 5213 1896 5278 sd
1917 5225 1943 5290 D
1965 5183 2072 5280 referri
2088 5193 2201 5280 (labent.
2223 5225 2313 5280 Luna

479 5293 555 5345 enim
575 5296 705 5362 symbolo
725 5294 791 5350 iolla
805 5298 932 5352 indicare
951 5305 1048 5368 potest
1064 5300 1159 5358 horas.
