<?xml version="1.0" encoding="UTF-8"?>
<!DOCTYPE html PUBLIC "-//W3C//DTD XHTML 1.0 Transitional//EN"
    "http://www.w3.org/TR/xhtml1/DTD/xhtml1-transitional.dtd">
<html xmlns="http://www.w3.org/1999/xhtml" xml:lang="en" lang="en">
 <head>
  <title>
</title>
<meta http-equiv="Content-Type" content="text/html;charset=utf-8" />
  <meta name='ocr-system' content='tesseract 3.04.00' />
  <meta name='ocr-capabilities' content='ocr_page ocr_carea ocr_par ocr_line ocrx_word'/>
</head>
<body>
  <div class='ocr_page' id='page_1' title='image "./systemaastronom00seyfgoog/systemaastronom00seyfgoog_0037.png"; bbox 0 0 4928 6102; ppageno 0'>
   <div class='ocr_carea' id='block_1_1' title="bbox 1158 547 1520 640">
    <p class='ocr_par' dir='ltr' id='par_1_1' title="bbox 1158 547 1520 640">
     <span class='ocr_line' id='line_1_1' title="bbox 1158 547 1520 640; baseline -0.006 -33"><span class='ocrx_word' id='word_1_1' title='bbox 1158 547 1520 640; x_wconf 46' lang='lat' dir='ltr'><strong>*7le—</strong></span> 
     </span>
    </p>
   </div>
   <div class='ocr_carea' id='block_1_2' title="bbox 392 717 2293 2840">
    <p class='ocr_par' dir='ltr' id='par_1_2' title="bbox 392 717 2293 2840">
     <span class='ocr_line' id='line_1_2' title="bbox 412 717 2256 828; baseline -0.009 -19"><span class='ocrx_word' id='word_1_2' title='bbox 412 727 622 808; x_wconf 87' lang='lat' dir='ltr'><strong>rationibus</strong></span> <span class='ocrx_word' id='word_1_3' title='bbox 645 721 895 822; x_wconf 73' lang='lat' dir='ltr'><strong>explicantur.</strong></span> <span class='ocrx_word' id='word_1_4' title='bbox 943 719 1005 792; x_wconf 83' lang='lat' dir='ltr'><strong>Sic</strong></span> <span class='ocrx_word' id='word_1_5' title='bbox 1022 717 1170 792; x_wconf 90' lang='lat' dir='ltr'><strong>Nomen</strong></span> <span class='ocrx_word' id='word_1_6' title='bbox 1190 717 1310 806; x_wconf 76' lang='lat' dir='ltr'><strong>bethi,</strong></span> <span class='ocrx_word' id='word_1_7' title='bbox 1336 729 1381 790; x_wconf 89' lang='lat' dir='ltr'><strong>vt</strong></span> <span class='ocrx_word' id='word_1_8' title='bbox 1400 719 1651 794; x_wconf 73' lang='lat' dir='ltr'><strong>mnenomiee</strong></span> <span class='ocrx_word' id='word_1_9' title='bbox 1674 717 1822 814; x_wconf 86' lang='lat' dir='ltr'><strong>legitur,</strong></span> <span class='ocrx_word' id='word_1_10' title='bbox 1845 718 1885 828; x_wconf 83' lang='lat' dir='ltr'><strong>in</strong></span> <span class='ocrx_word' id='word_1_11' title='bbox 1909 717 2149 818; x_wconf 78' lang='lat' dir='ltr'><strong>sarcophago</strong></span> <span class='ocrx_word' id='word_1_12' title='bbox 2175 719 2256 793; x_wconf 84' lang='lat' dir='ltr'><strong>liri-</strong></span> 
     </span>
     <span class='ocr_line' id='line_1_3' title="bbox 417 851 2258 957; baseline -0.005 -19"><span class='ocrx_word' id='word_1_13' title='bbox 417 865 583 951; x_wconf 87' lang='lat' dir='ltr'><strong>tannico,</strong></span> <span class='ocrx_word' id='word_1_14' title='bbox 604 857 868 957; x_wconf 83' lang='lat' dir='ltr'><strong>champollion</strong></span> <span class='ocrx_word' id='word_1_15' title='bbox 889 854 981 949; x_wconf 90' lang='lat' dir='ltr'><strong>legit</strong></span> <span class='ocrx_word' id='word_1_16' title='bbox 1006 853 1181 928; x_wconf 74' lang='lat' dir='ltr'><strong>Arthaut.</strong></span> <span class='ocrx_word' id='word_1_17' title='bbox 1234 851 1318 925; x_wconf 86' lang='lat' dir='ltr'><strong>linc</strong></span> <span class='ocrx_word' id='word_1_18' title='bbox 1343 864 1516 952; x_wconf 88' lang='lat' dir='ltr'><strong>spectent</strong></span> <span class='ocrx_word' id='word_1_19' title='bbox 1533 852 1712 952; x_wconf 87' lang='lat' dir='ltr'><strong>ploraque</strong></span> <span class='ocrx_word' id='word_1_20' title='bbox 1737 853 1895 927; x_wconf 92' lang='lat' dir='ltr'><strong>nomina</strong></span> <span class='ocrx_word' id='word_1_21' title='bbox 1918 873 2050 948; x_wconf 89' lang='lat' dir='ltr'><strong>regum</strong></span> <span class='ocrx_word' id='word_1_22' title='bbox 2074 865 2114 927; x_wconf 89' lang='lat' dir='ltr'><strong>et</strong></span> <span class='ocrx_word' id='word_1_23' title='bbox 2131 858 2258 954; x_wconf 91' lang='lat' dir='ltr'><strong>priua·</strong></span> 
     </span>
     <span class='ocr_line' id='line_1_4' title="bbox 419 985 2260 1092; baseline -0.002 -25"><span class='ocrx_word' id='word_1_24' title='bbox 419 1013 562 1088; x_wconf 75' lang='lat' dir='ltr'><strong>tanim,</strong></span> <span class='ocrx_word' id='word_1_25' title='bbox 591 1015 688 1092; x_wconf 87' lang='lat' dir='ltr'><strong>quae</strong></span> <span class='ocrx_word' id='word_1_26' title='bbox 713 992 796 1064; x_wconf 89' lang='lat' dir='ltr'><strong>sine</strong></span> <span class='ocrx_word' id='word_1_27' title='bbox 821 991 1054 1063; x_wconf 75' lang='lat' dir='ltr'><strong>astronomia</strong></span> <span class='ocrx_word' id='word_1_28' title='bbox 1079 1011 1300 1090; x_wconf 79' lang='lat' dir='ltr'>perperam,</span> <span class='ocrx_word' id='word_1_29' title='bbox 1327 999 1394 1064; x_wconf 88' lang='lat' dir='ltr'><strong>aut</strong></span> <span class='ocrx_word' id='word_1_30' title='bbox 1419 1008 1473 1060; x_wconf 88' lang='lat' dir='ltr'><strong>ex</strong></span> <span class='ocrx_word' id='word_1_31' title='bbox 1496 1000 1606 1085; x_wconf 89' lang='lat' dir='ltr'><strong>parte</strong></span> <span class='ocrx_word' id='word_1_32' title='bbox 1633 998 1781 1060; x_wconf 89' lang='lat' dir='ltr'><strong>tantum</strong></span> <span class='ocrx_word' id='word_1_33' title='bbox 1803 997 1907 1060; x_wconf 82' lang='lat' dir='ltr'><strong>recte</strong></span> <span class='ocrx_word' id='word_1_34' title='bbox 1934 985 2193 1086; x_wconf 79' lang='lat' dir='ltr'><strong>explicantur,</strong></span> <span class='ocrx_word' id='word_1_35' title='bbox 2215 1004 2260 1064; x_wconf 85' lang='lat' dir='ltr'><strong>vt</strong></span> 
     </span>
     <span class='ocr_line' id='line_1_5' title="bbox 415 1119 2259 1228; baseline -0.005 -22"><span class='ocrx_word' id='word_1_36' title='bbox 415 1127 706 1228; x_wconf 78' lang='lat' dir='ltr'><strong>Amenepbthcp</strong></span> <span class='ocrx_word' id='word_1_37' title='bbox 738 1145 806 1222; x_wconf 92' lang='lat' dir='ltr'><strong>pra</strong></span> <span class='ocrx_word' id='word_1_38' title='bbox 840 1122 1086 1224; x_wconf 82' lang='lat' dir='ltr'><strong>Amenopbis.</strong></span> <span class='ocrx_word' id='word_1_39' title='bbox 1134 1125 1234 1198; x_wconf 91' lang='lat' dir='ltr'><strong>Hine</strong></span> <span class='ocrx_word' id='word_1_40' title='bbox 1263 1120 1399 1197; x_wconf 86' lang='lat' dir='ltr'><strong>eadem</strong></span> <span class='ocrx_word' id='word_1_41' title='bbox 1427 1122 1583 1195; x_wconf 88' lang='lat' dir='ltr'><strong>nomina</strong></span> <span class='ocrx_word' id='word_1_42' title='bbox 1616 1121 1745 1220; x_wconf 86' lang='lat' dir='ltr'><strong>paullo</strong></span> <span class='ocrx_word' id='word_1_43' title='bbox 1779 1119 1889 1195; x_wconf 89' lang='lat' dir='ltr'><strong>aliter</strong></span> <span class='ocrx_word' id='word_1_44' title='bbox 1919 1123 2060 1222; x_wconf 83' lang='lat' dir='ltr'><strong>scripte</strong></span> <span class='ocrx_word' id='word_1_45' title='bbox 2085 1121 2259 1198; x_wconf 85' lang='lat' dir='ltr'><strong>diuersas</strong></span> 
     </span>
     <span class='ocr_line' id='line_1_6' title="bbox 418 1255 2262 1365; baseline -0.002 -28"><span class='ocrx_word' id='word_1_46' title='bbox 418 1268 470 1354; x_wconf 71' lang='lat' dir='ltr'><strong>ad</strong></span> <span class='ocrx_word' id='word_1_47' title='bbox 489 1282 671 1365; x_wconf 79' lang='lat' dir='ltr'><strong>personas</strong></span> <span class='ocrx_word' id='word_1_48' title='bbox 695 1257 919 1332; x_wconf 88' lang='lat' dir='ltr'><strong>retulerunt.</strong></span> <span class='ocrx_word' id='word_1_49' title='bbox 968 1257 1220 1334; x_wconf 88' lang='lat' dir='ltr'><strong>Praenomina</strong></span> <span class='ocrx_word' id='word_1_50' title='bbox 1241 1257 1348 1351; x_wconf 86' lang='lat' dir='ltr'><strong>regia</strong></span> <span class='ocrx_word' id='word_1_51' title='bbox 1370 1275 1448 1328; x_wconf 91' lang='lat' dir='ltr'><strong>nan</strong></span> <span class='ocrx_word' id='word_1_52' title='bbox 1466 1277 1592 1330; x_wconf 88' lang='lat' dir='ltr'><strong>meros</strong></span> <span class='ocrx_word' id='word_1_53' title='bbox 1614 1255 1745 1329; x_wconf 86' lang='lat' dir='ltr'><strong>tihrlos</strong></span> <span class='ocrx_word' id='word_1_54' title='bbox 1766 1257 1969 1343; x_wconf 71' lang='lat' dir='ltr'><strong>continent,</strong></span> <span class='ocrx_word' id='word_1_55' title='bbox 1995 1256 2065 1331; x_wconf 90' lang='lat' dir='ltr'><strong>sed</strong></span> <span class='ocrx_word' id='word_1_56' title='bbox 2090 1269 2262 1333; x_wconf 73' lang='lat' dir='ltr'><strong>mneno-</strong></span> 
     </span>
     <span class='ocr_line' id='line_1_7' title="bbox 419 1387 2262 1492; baseline -0.007 -14"><span class='ocrx_word' id='word_1_57' title='bbox 419 1403 520 1478; x_wconf 84' lang='lat' dir='ltr'><strong>mica</strong></span> <span class='ocrx_word' id='word_1_58' title='bbox 546 1405 644 1470; x_wconf 84' lang='lat' dir='ltr'><strong>sunt.</strong></span> <span class='ocrx_word' id='word_1_59' title='bbox 695 1390 859 1466; x_wconf 89' lang='lat' dir='ltr'><strong>Nomina</strong></span> <span class='ocrx_word' id='word_1_60' title='bbox 877 1391 980 1492; x_wconf 90' lang='lat' dir='ltr'><strong>apud</strong></span> <span class='ocrx_word' id='word_1_61' title='bbox 1001 1391 1269 1468; x_wconf 86' lang='lat' dir='ltr'><strong>Manethonem</strong></span> <span class='ocrx_word' id='word_1_62' title='bbox 1291 1403 1332 1464; x_wconf 91' lang='lat' dir='ltr'><strong>et</strong></span> <span class='ocrx_word' id='word_1_63' title='bbox 1354 1387 1658 1477; x_wconf 73' lang='lat' dir='ltr'><strong>Eratosthenem,</strong></span> <span class='ocrx_word' id='word_1_64' title='bbox 1686 1388 1777 1463; x_wconf 84' lang='lat' dir='ltr'><strong>licet</strong></span> <span class='ocrx_word' id='word_1_65' title='bbox 1799 1390 2074 1483; x_wconf 83' lang='lat' dir='ltr'><strong>diuersissime,</strong></span> <span class='ocrx_word' id='word_1_66' title='bbox 2099 1393 2199 1466; x_wconf 83' lang='lat' dir='ltr'><strong>inter</strong></span> <span class='ocrx_word' id='word_1_67' title='bbox 2219 1413 2262 1466; x_wconf 88' lang='lat' dir='ltr'><strong>se</strong></span> 
     </span>
     <span class='ocr_line' id='line_1_8' title="bbox 421 1523 2293 1630; baseline -0.005 -20"><span class='ocrx_word' id='word_1_68' title='bbox 421 1541 651 1630; x_wconf 89' lang='lat' dir='ltr'><strong>congruunt,</strong></span> <span class='ocrx_word' id='word_1_69' title='bbox 683 1527 716 1602; x_wconf 89' lang='lat' dir='ltr'><strong>si</strong></span> <span class='ocrx_word' id='word_1_70' title='bbox 751 1531 1002 1604; x_wconf 89' lang='lat' dir='ltr'><strong>astronomiee</strong></span> <span class='ocrx_word' id='word_1_71' title='bbox 1030 1529 1311 1602; x_wconf 86' lang='lat' dir='ltr'><strong>examinantur.</strong></span> <span class='ocrx_word' id='word_1_72' title='bbox 1362 1523 1564 1613; x_wconf 85' lang='lat' dir='ltr'><strong>Ceterum,</strong></span> <span class='ocrx_word' id='word_1_73' title='bbox 1602 1543 1768 1622; x_wconf 89' lang='lat' dir='ltr'><strong>quuma</strong></span> <span class='ocrx_word' id='word_1_74' title='bbox 1801 1526 1939 1622; x_wconf 79' lang='lat' dir='ltr'><strong>typicis</strong></span> <span class='ocrx_word' id='word_1_75' title='bbox 1969 1527 2293 1627; x_wconf 87' lang='lat' dir='ltr'><strong>hieroglyphicis·</strong></span> 
     </span>
     <span class='ocr_line' id='line_1_9' title="bbox 422 1653 2263 1770; baseline -0.005 -28"><span class='ocrx_word' id='word_1_76' title='bbox 422 1665 619 1770; x_wconf 87' lang='lat' dir='ltr'><strong>pendeant</strong></span> <span class='ocrx_word' id='word_1_77' title='bbox 641 1663 805 1760; x_wconf 88' lang='lat' dir='ltr'><strong>reliqua,</strong></span> <span class='ocrx_word' id='word_1_78' title='bbox 842 1663 975 1737; x_wconf 90' lang='lat' dir='ltr'><strong>literae</strong></span> <span class='ocrx_word' id='word_1_79' title='bbox 1000 1664 1117 1737; x_wconf 89' lang='lat' dir='ltr'><strong>etiam</strong></span> <span class='ocrx_word' id='word_1_80' title='bbox 1142 1661 1450 1762; x_wconf 83' lang='lat' dir='ltr'><strong>hieroglyphicas</strong></span> <span class='ocrx_word' id='word_1_81' title='bbox 1480 1657 1632 1759; x_wconf 88' lang='lat' dir='ltr'><strong>proprie</strong></span> <span class='ocrx_word' id='word_1_82' title='bbox 1658 1656 1713 1730; x_wconf 88' lang='lat' dir='ltr'><strong>sle</strong></span> <span class='ocrx_word' id='word_1_83' title='bbox 1739 1653 1884 1748; x_wconf 89' lang='lat' dir='ltr'><strong>dictae,</strong></span> <span class='ocrx_word' id='word_1_84' title='bbox 1901 1669 2030 1756; x_wconf 82' lang='lat' dir='ltr'><strong>atqua</strong></span> <span class='ocrx_word' id='word_1_85' title='bbox 2058 1661 2263 1735; x_wconf 84' lang='lat' dir='ltr'><strong>hieratieae</strong></span> 
     </span>
     <span class='ocr_line' id='line_1_10' title="bbox 423 1792 2263 1895; baseline -0.004 -18"><span class='ocrx_word' id='word_1_86' title='bbox 423 1825 496 1878; x_wconf 91' lang='lat' dir='ltr'><strong>nec</strong></span> <span class='ocrx_word' id='word_1_87' title='bbox 518 1821 595 1873; x_wconf 94' lang='lat' dir='ltr'><strong>non</strong></span> <span class='ocrx_word' id='word_1_88' title='bbox 618 1796 828 1871; x_wconf 86' lang='lat' dir='ltr'><strong>demoticae</strong></span> <span class='ocrx_word' id='word_1_89' title='bbox 847 1795 937 1868; x_wconf 93' lang='lat' dir='ltr'><strong>inde</strong></span> <span class='ocrx_word' id='word_1_90' title='bbox 957 1795 1254 1872; x_wconf 87' lang='lat' dir='ltr'><strong>illustrabuntur.</strong></span> <span class='ocrx_word' id='word_1_91' title='bbox 1306 1795 1438 1895; x_wconf 86' lang='lat' dir='ltr'><strong>Neque</strong></span> <span class='ocrx_word' id='word_1_92' title='bbox 1453 1816 1547 1871; x_wconf 86' lang='lat' dir='ltr'><strong>vero</strong></span> <span class='ocrx_word' id='word_1_93' title='bbox 1564 1792 1838 1890; x_wconf 78' lang='lat' dir='ltr'><strong>Aegyptiacem</strong></span> <span class='ocrx_word' id='word_1_94' title='bbox 1859 1803 2007 1874; x_wconf 86' lang='lat' dir='ltr'><strong>tantum</strong></span> <span class='ocrx_word' id='word_1_95' title='bbox 2020 1795 2263 1894; x_wconf 78' lang='lat' dir='ltr'><strong>philologiam</strong></span> 
     </span>
     <span class='ocr_line' id='line_1_11' title="bbox 425 1925 2265 2033; baseline -0.005 -21"><span class='ocrx_word' id='word_1_96' title='bbox 425 1935 573 2033; x_wconf 77' lang='lat' dir='ltr'><strong>egregie</strong></span> <span class='ocrx_word' id='word_1_97' title='bbox 596 1933 729 2006; x_wconf 90' lang='lat' dir='ltr'><strong>inuare</strong></span> <span class='ocrx_word' id='word_1_98' title='bbox 755 1929 909 2006; x_wconf 90' lang='lat' dir='ltr'><strong>videtur</strong></span> <span class='ocrx_word' id='word_1_99' title='bbox 934 1932 1091 2029; x_wconf 88' lang='lat' dir='ltr'><strong>antiqua</strong></span> <span class='ocrx_word' id='word_1_100' title='bbox 1112 1935 1357 2021; x_wconf 78' lang='lat' dir='ltr'><strong>esuonomi&#39;a,</strong></span> <span class='ocrx_word' id='word_1_101' title='bbox 1382 1926 1593 2004; x_wconf 87' lang='lat' dir='ltr'><strong>sedetiam</strong></span> <span class='ocrx_word' id='word_1_102' title='bbox 1618 1927 1801 2000; x_wconf 86' lang='lat' dir='ltr'><strong>Graecam</strong></span> <span class='ocrx_word' id='word_1_103' title='bbox 1818 1925 1994 2025; x_wconf 85' lang='lat' dir='ltr'><strong>aliasque.</strong></span> <span class='ocrx_word' id='word_1_104' title='bbox 2042 1929 2110 2003; x_wconf 80' lang='lat' dir='ltr'><strong>Sic</strong></span> <span class='ocrx_word' id='word_1_105' title='bbox 2123 1929 2265 2002; x_wconf 88' lang='lat' dir='ltr'><strong>Harus-</strong></span> 
     </span>
     <span class='ocr_line' id='line_1_12' title="bbox 427 2060 2266 2172; baseline -0.004 -30"><span class='ocrx_word' id='word_1_106' title='bbox 427 2069 565 2172; x_wconf 84' lang='lat' dir='ltr'><strong>apolla,</strong></span> <span class='ocrx_word' id='word_1_107' title='bbox 589 2087 700 2164; x_wconf 89' lang='lat' dir='ltr'><strong>quem</strong></span> <span class='ocrx_word' id='word_1_108' title='bbox 734 2087 803 2163; x_wconf 91' lang='lat' dir='ltr'><strong>pro</strong></span> <span class='ocrx_word' id='word_1_109' title='bbox 828 2063 993 2139; x_wconf 87' lang='lat' dir='ltr'><strong>absurdo</strong></span> <span class='ocrx_word' id='word_1_110' title='bbox 1018 2064 1250 2158; x_wconf 82' lang='lat' dir='ltr'><strong>habuerunt,</strong></span> <span class='ocrx_word' id='word_1_111' title='bbox 1281 2067 1451 2143; x_wconf 86' lang='lat' dir='ltr'><strong>continet</strong></span> <span class='ocrx_word' id='word_1_112' title='bbox 1474 2061 1687 2157; x_wconf 77' lang='lat' dir='ltr'><strong>catalogum</strong></span> <span class='ocrx_word' id='word_1_113' title='bbox 1709 2060 1953 2136; x_wconf 79' lang='lat' dir='ltr'><strong>utilissimum</strong></span> <span class='ocrx_word' id='word_1_114' title='bbox 1976 2085 2105 2138; x_wconf 89' lang='lat' dir='ltr'><strong>aarum</strong></span> <span class='ocrx_word' id='word_1_115' title='bbox 2126 2083 2266 2154; x_wconf 82' lang='lat' dir='ltr'><strong>rerunt,</strong></span> 
     </span>
     <span class='ocr_line' id='line_1_13' title="bbox 428 2195 2268 2306; baseline -0.005 -26"><span class='ocrx_word' id='word_1_116' title='bbox 428 2227 525 2306; x_wconf 87' lang='lat' dir='ltr'><strong>quae</strong></span> <span class='ocrx_word' id='word_1_117' title='bbox 553 2201 717 2301; x_wconf 83' lang='lat' dir='ltr'><strong>planetis</strong></span> <span class='ocrx_word' id='word_1_118' title='bbox 748 2197 970 2294; x_wconf 89' lang='lat' dir='ltr'><strong>astrologice</strong></span> <span class='ocrx_word' id='word_1_119' title='bbox 994 2203 1253 2274; x_wconf 81' lang='lat' dir='ltr'><strong>conuenerina</strong></span> <span class='ocrx_word' id='word_1_120' title='bbox 1303 2201 1505 2274; x_wconf 89' lang='lat' dir='ltr'><strong>innumera</strong></span> <span class='ocrx_word' id='word_1_121' title='bbox 1532 2208 1623 2271; x_wconf 85' lang='lat' dir='ltr'><strong>sunt</strong></span> <span class='ocrx_word' id='word_1_122' title='bbox 1652 2196 1734 2271; x_wconf 88' lang='lat' dir='ltr'><strong>loca</strong></span> <span class='ocrx_word' id='word_1_123' title='bbox 1756 2195 1860 2294; x_wconf 93' lang='lat' dir='ltr'><strong>apud</strong></span> <span class='ocrx_word' id='word_1_124' title='bbox 1881 2195 2111 2288; x_wconf 88' lang='lat' dir='ltr'><strong>Homenrm,</strong></span> <span class='ocrx_word' id='word_1_125' title='bbox 2132 2195 2268 2272; x_wconf 84' lang='lat' dir='ltr'><strong>Hesio·</strong></span> 
     </span>
     <span class='ocr_line' id='line_1_14' title="bbox 429 2331 2269 2435; baseline -0.003 -26"><span class='ocrx_word' id='word_1_126' title='bbox 429 2340 544 2427; x_wconf 82' lang='lat' dir='ltr'><strong>(lum,</strong></span> <span class='ocrx_word' id='word_1_127' title='bbox 564 2333 777 2432; x_wconf 85' lang='lat' dir='ltr'><strong>Orpheum,</strong></span> <span class='ocrx_word' id='word_1_128' title='bbox 800 2331 977 2428; x_wconf 83' lang='lat' dir='ltr'><strong>&#39;l&#39;mgicos</strong></span> <span class='ocrx_word' id='word_1_129' title='bbox 1004 2334 1185 2432; x_wconf 89' lang='lat' dir='ltr'><strong>aliosque,</strong></span> <span class='ocrx_word' id='word_1_130' title='bbox 1207 2337 1285 2434; x_wconf 92' lang='lat' dir='ltr'><strong>qui,</strong></span> <span class='ocrx_word' id='word_1_131' title='bbox 1305 2357 1420 2435; x_wconf 93' lang='lat' dir='ltr'><strong>quum</strong></span> <span class='ocrx_word' id='word_1_132' title='bbox 1445 2355 1524 2407; x_wconf 93' lang='lat' dir='ltr'><strong>non</strong></span> <span class='ocrx_word' id='word_1_133' title='bbox 1550 2333 1794 2428; x_wconf 88' lang='lat' dir='ltr'><strong>grammatice</strong></span> <span class='ocrx_word' id='word_1_134' title='bbox 1818 2333 1939 2406; x_wconf 90' lang='lat' dir='ltr'><strong>solum</strong></span> <span class='ocrx_word' id='word_1_135' title='bbox 1963 2331 2033 2406; x_wconf 88' lang='lat' dir='ltr'><strong>sed</strong></span> <span class='ocrx_word' id='word_1_136' title='bbox 2055 2331 2269 2406; x_wconf 90' lang='lat' dir='ltr'><strong>archaeolo·</strong></span> 
     </span>
     <span class='ocr_line' id='line_1_15' title="bbox 429 2465 2268 2575; baseline -0.004 -28"><span class='ocrx_word' id='word_1_137' title='bbox 429 2478 510 2575; x_wconf 79' lang='lat' dir='ltr'><strong>gice</strong></span> <span class='ocrx_word' id='word_1_138' title='bbox 533 2475 648 2547; x_wconf 84' lang='lat' dir='ltr'><strong>etiam</strong></span> <span class='ocrx_word' id='word_1_139' title='bbox 681 2468 863 2568; x_wconf 82' lang='lat' dir='ltr'><strong>explicari</strong></span> <span class='ocrx_word' id='word_1_140' title='bbox 897 2468 1039 2557; x_wconf 82' lang='lat' dir='ltr'><strong>velint,</strong></span> <span class='ocrx_word' id='word_1_141' title='bbox 1068 2469 1191 2543; x_wconf 86' lang='lat' dir='ltr'><strong>lucem</strong></span> <span class='ocrx_word' id='word_1_142' title='bbox 1225 2471 1431 2569; x_wconf 89' lang='lat' dir='ltr'><strong>accipiant,</strong></span> <span class='ocrx_word' id='word_1_143' title='bbox 1464 2465 1731 2544; x_wconf 77' lang='lat' dir='ltr'><strong>tenatioribus</strong></span> <span class='ocrx_word' id='word_1_144' title='bbox 1763 2471 1943 2544; x_wconf 86' lang='lat' dir='ltr'><strong>veterum</strong></span> <span class='ocrx_word' id='word_1_145' title='bbox 1969 2466 2068 2542; x_wconf 90' lang='lat' dir='ltr'><strong>ideis</strong></span> <span class='ocrx_word' id='word_1_146' title='bbox 2098 2467 2268 2563; x_wconf 88' lang='lat' dir='ltr'><strong>cognitis.</strong></span> 
     </span>
     <span class='ocr_line' id='line_1_16' title="bbox 392 2599 2269 2706; baseline -0.006 -22"><span class='ocrx_word' id='word_1_147' title='bbox 392 2648 394 2654; x_wconf 49' lang='lat'>1</span> <span class='ocrx_word' id='word_1_148' title='bbox 429 2611 529 2684; x_wconf 87' lang='lat' dir='ltr'><strong>Hinc</strong></span> <span class='ocrx_word' id='word_1_149' title='bbox 552 2603 716 2706; x_wconf 87' lang='lat' dir='ltr'><strong>patebit,</strong></span> <span class='ocrx_word' id='word_1_150' title='bbox 749 2602 840 2698; x_wconf 86' lang='lat' dir='ltr'><strong>quid</strong></span> <span class='ocrx_word' id='word_1_151' title='bbox 865 2602 916 2675; x_wconf 90' lang='lat' dir='ltr'><strong>sit</strong></span> <span class='ocrx_word' id='word_1_152' title='bbox 940 2601 1006 2692; x_wconf 90' lang='lat' dir='ltr'><strong>id,</strong></span> <span class='ocrx_word' id='word_1_153' title='bbox 1037 2602 1139 2700; x_wconf 91' lang='lat' dir='ltr'><strong>quod</strong></span> <span class='ocrx_word' id='word_1_154' title='bbox 1164 2616 1315 2680; x_wconf 89' lang='lat' dir='ltr'><strong>veteres</strong></span> <span class='ocrx_word' id='word_1_155' title='bbox 1340 2615 1517 2693; x_wconf 82' lang='lat' dir='ltr'><strong>nunant,</strong></span> <span class='ocrx_word' id='word_1_156' title='bbox 1547 2599 1755 2676; x_wconf 87' lang='lat' dir='ltr'><strong>Homerum</strong></span> <span class='ocrx_word' id='word_1_157' title='bbox 1788 2611 1831 2674; x_wconf 88' lang='lat' dir='ltr'><strong>et</strong></span> <span class='ocrx_word' id='word_1_158' title='bbox 1852 2601 2064 2702; x_wconf 85' lang='lat' dir='ltr'><strong>Orpheum,</strong></span> <span class='ocrx_word' id='word_1_159' title='bbox 2089 2601 2269 2701; x_wconf 89' lang='lat' dir='ltr'><strong>quoniam</strong></span> 
     </span>
     <span class='ocr_line' id='line_1_17' title="bbox 431 2721 2269 2840; baseline -0.004 -25"><span class='ocrx_word' id='word_1_160' title='bbox 431 2741 617 2840; x_wconf 88' lang='lat' dir='ltr'><strong>mysteria</strong></span> <span class='ocrx_word' id='word_1_161' title='bbox 648 2721 913 2822; x_wconf 78' lang='lat' dir='ltr'><strong>tradidissent,</strong></span> <span class='ocrx_word' id='word_1_162' title='bbox 940 2738 982 2809; x_wconf 91' lang='lat' dir='ltr'><strong>in</strong></span> <span class='ocrx_word' id='word_1_163' title='bbox 1011 2734 1107 2811; x_wconf 87' lang='lat' dir='ltr'><strong>Orco</strong></span> <span class='ocrx_word' id='word_1_164' title='bbox 1137 2759 1341 2836; x_wconf 84' lang='lat' dir='ltr'><strong>suspensas</strong></span> <span class='ocrx_word' id='word_1_165' title='bbox 1370 2739 1499 2814; x_wconf 85' lang='lat' dir='ltr'><strong>fuisse.</strong></span> <span class='ocrx_word' id='word_1_166' title='bbox 1551 2734 1636 2810; x_wconf 87' lang='lat' dir='ltr'><strong>Huc</strong></span> <span class='ocrx_word' id='word_1_167' title='bbox 1665 2745 1813 2836; x_wconf 85' lang='lat' dir='ltr'><strong>spectat</strong></span> <span class='ocrx_word' id='word_1_168' title='bbox 1844 2735 2073 2837; x_wconf 85' lang='lat' dir='ltr'><strong>geographia</strong></span> <span class='ocrx_word' id='word_1_169' title='bbox 2105 2737 2269 2834; x_wconf 86' lang='lat' dir='ltr'><strong>antiqua.</strong></span> 
     </span>
    </p>
   </div>
   <div class='ocr_carea' id='block_1_3' title="bbox 291 2867 2273 2971">
    <p class='ocr_par' dir='ltr' id='par_1_3' title="bbox 291 2867 2273 2971">
     <span class='ocr_line' id='line_1_18' title="bbox 291 2867 2273 2971; baseline -0.003 -21"><span class='ocrx_word' id='word_1_170' title='bbox 291 2891 294 2896; x_wconf 83' lang='lat'>&#39;</span> <span class='ocrx_word' id='word_1_171' title='bbox 433 2868 763 2971; x_wconf 81' lang='lat' dir='ltr'><strong>Quemadmodum</strong></span> <span class='ocrx_word' id='word_1_172' title='bbox 787 2867 1004 2966; x_wconf 80' lang='lat' dir='ltr'><strong>Aegyptus,</strong></span> <span class='ocrx_word' id='word_1_173' title='bbox 1030 2871 1150 2946; x_wconf 82' lang='lat' dir='ltr'><strong>itaet</strong></span> <span class='ocrx_word' id='word_1_174' title='bbox 1174 2871 1356 2963; x_wconf 87' lang='lat' dir='ltr'><strong>Graecia,</strong></span> <span class='ocrx_word' id='word_1_175' title='bbox 1378 2871 1557 2962; x_wconf 86' lang='lat' dir='ltr'><strong>Canoen,</strong></span> <span class='ocrx_word' id='word_1_176' title='bbox 1579 2870 1675 2948; x_wconf 79' lang='lat' dir='ltr'><strong>Asia</strong></span> <span class='ocrx_word' id='word_1_177' title='bbox 1697 2875 1843 2963; x_wconf 90' lang='lat' dir='ltr'><strong>minor,</strong></span> <span class='ocrx_word' id='word_1_178' title='bbox 1866 2871 2000 2966; x_wconf 82' lang='lat' dir='ltr'><strong>Syrie,</strong></span> <span class='ocrx_word' id='word_1_179' title='bbox 2025 2870 2153 2958; x_wconf 87' lang='lat' dir='ltr'><strong>india,</strong></span> <span class='ocrx_word' id='word_1_180' title='bbox 2179 2869 2273 2944; x_wconf 83' lang='lat' dir='ltr'><strong>Sine</strong></span> 
     </span>
    </p>
   </div>
   <div class='ocr_carea' id='block_1_4' title="bbox 401 3001 2283 4448">
    <p class='ocr_par' dir='ltr' id='par_1_4' title="bbox 401 3001 2279 3776">
     <span class='ocr_line' id='line_1_19' title="bbox 436 3001 2274 3106; baseline -0.002 -24"><span class='ocrx_word' id='word_1_181' title='bbox 436 3013 608 3106; x_wconf 80' lang='lat' dir='ltr'><strong>aliaeque</strong></span> <span class='ocrx_word' id='word_1_182' title='bbox 627 3015 751 3077; x_wconf 90' lang='lat' dir='ltr'><strong>terrae</strong></span> <span class='ocrx_word' id='word_1_183' title='bbox 778 3003 1028 3077; x_wconf 75' lang='lat' dir='ltr'><strong>astronomiae</strong></span> <span class='ocrx_word' id='word_1_184' title='bbox 1053 3001 1201 3078; x_wconf 87' lang='lat' dir='ltr'><strong>diuisae</strong></span> <span class='ocrx_word' id='word_1_185' title='bbox 1220 3006 1382 3106; x_wconf 88' lang='lat' dir='ltr'><strong>Diisque</strong></span> <span class='ocrx_word' id='word_1_186' title='bbox 1405 3010 1614 3083; x_wconf 88' lang='lat' dir='ltr'><strong>instructae</strong></span> <span class='ocrx_word' id='word_1_187' title='bbox 1640 3007 1795 3081; x_wconf 79' lang='lat' dir='ltr'><strong>merum</strong></span> <span class='ocrx_word' id='word_1_188' title='bbox 1819 3004 1935 3104; x_wconf 84' lang='lat' dir='ltr'><strong>(Tab.</strong></span> <span class='ocrx_word' id='word_1_189' title='bbox 1952 3006 2019 3099; x_wconf 86' lang='lat' dir='ltr'><strong>ll).</strong></span> <span class='ocrx_word' id='word_1_190' title='bbox 2071 3005 2274 3081; x_wconf 85' lang='lat' dir='ltr'><strong>Praeterea</strong></span> 
     </span>
     <span class='ocr_line' id='line_1_20' title="bbox 434 3136 2275 3239; baseline -0.001 -25"><span class='ocrx_word' id='word_1_191' title='bbox 434 3143 607 3220; x_wconf 86' lang='lat' dir='ltr'><strong>maxime</strong></span> <span class='ocrx_word' id='word_1_192' title='bbox 631 3136 826 3237; x_wconf 87' lang='lat' dir='ltr'><strong>probabile</strong></span> <span class='ocrx_word' id='word_1_193' title='bbox 848 3149 919 3224; x_wconf 88' lang='lat' dir='ltr'><strong>est,</strong></span> <span class='ocrx_word' id='word_1_194' title='bbox 938 3137 1054 3211; x_wconf 89' lang='lat' dir='ltr'><strong>etiam</strong></span> <span class='ocrx_word' id='word_1_195' title='bbox 1075 3137 1274 3214; x_wconf 84' lang='lat' dir='ltr'><strong>Persarum</strong></span> <span class='ocrx_word' id='word_1_196' title='bbox 1295 3143 1561 3239; x_wconf 86' lang='lat' dir='ltr'><strong>inscriptiones</strong></span> <span class='ocrx_word' id='word_1_197' title='bbox 1580 3141 1841 3216; x_wconf 85' lang='lat' dir='ltr'><strong>cuneofarmea</strong></span> <span class='ocrx_word' id='word_1_198' title='bbox 1865 3155 1979 3239; x_wconf 89' lang='lat' dir='ltr'><strong>atque</strong></span> <span class='ocrx_word' id='word_1_199' title='bbox 1999 3163 2096 3220; x_wconf 87' lang='lat' dir='ltr'><strong>vasa</strong></span> <span class='ocrx_word' id='word_1_200' title='bbox 2114 3141 2275 3214; x_wconf 83' lang='lat' dir='ltr'><strong>Etrusca</strong></span> 
     </span>
     <span class='ocr_line' id='line_1_21' title="bbox 401 3270 2275 3372; baseline -0.004 -19"><span class='ocrx_word' id='word_1_201' title='bbox 401 3275 403 3280; x_wconf 72' lang='grc'>’</span> <span class='ocrx_word' id='word_1_202' title='bbox 438 3299 523 3353; x_wconf 86' lang='lat' dir='ltr'><strong>esse</strong></span> <span class='ocrx_word' id='word_1_203' title='bbox 549 3285 771 3368; x_wconf 85' lang='lat' dir='ltr'><strong>argumenta</strong></span> <span class='ocrx_word' id='word_1_204' title='bbox 796 3272 1058 3346; x_wconf 87' lang='lat' dir='ltr'><strong>astronomica.</strong></span> <span class='ocrx_word' id='word_1_205' title='bbox 1111 3270 1238 3363; x_wconf 81' lang='lat' dir='ltr'><strong>Quare</strong></span> <span class='ocrx_word' id='word_1_206' title='bbox 1263 3274 1432 3372; x_wconf 82' lang='lat' dir='ltr'><strong>proiecto</strong></span> <span class='ocrx_word' id='word_1_207' title='bbox 1459 3285 1688 3372; x_wconf 87' lang='lat' dir='ltr'><strong>magnopere</strong></span> <span class='ocrx_word' id='word_1_208' title='bbox 1714 3274 1939 3366; x_wconf 88' lang='lat' dir='ltr'><strong>dolendum,</strong></span> <span class='ocrx_word' id='word_1_209' title='bbox 1964 3277 2037 3352; x_wconf 87' lang='lat' dir='ltr'><strong>hae</strong></span> <span class='ocrx_word' id='word_1_210' title='bbox 2059 3283 2190 3349; x_wconf 78' lang='lat' dir='ltr'><strong>nasim</strong></span> <span class='ocrx_word' id='word_1_211' title='bbox 2212 3295 2275 3347; x_wconf 91' lang='lat' dir='ltr'><strong>ae·</strong></span> 
     </span>
     <span class='ocr_line' id='line_1_22' title="bbox 441 3405 2277 3506; baseline -0.002 -18"><span class='ocrx_word' id='word_1_212' title='bbox 441 3423 542 3500; x_wconf 88' lang='lat' dir='ltr'><strong>tate,</strong></span> <span class='ocrx_word' id='word_1_213' title='bbox 573 3427 686 3504; x_wconf 91' lang='lat' dir='ltr'><strong>quum</strong></span> <span class='ocrx_word' id='word_1_214' title='bbox 718 3405 890 3504; x_wconf 90' lang='lat' dir='ltr'><strong>sepulcra</strong></span> <span class='ocrx_word' id='word_1_215' title='bbox 915 3407 1076 3482; x_wconf 84' lang='lat' dir='ltr'><strong>Etrusca</strong></span> <span class='ocrx_word' id='word_1_216' title='bbox 1101 3429 1185 3481; x_wconf 88' lang='lat' dir='ltr'><strong>cum</strong></span> <span class='ocrx_word' id='word_1_217' title='bbox 1211 3410 1332 3483; x_wconf 85' lang='lat' dir='ltr'><strong>variis</strong></span> <span class='ocrx_word' id='word_1_218' title='bbox 1347 3415 1350 3422; x_wconf 71' lang='lat'>‘</span> <span class='ocrx_word' id='word_1_219' title='bbox 1365 3409 1522 3487; x_wconf 85' lang='lat' dir='ltr'><strong>vasibus</strong></span> <span class='ocrx_word' id='word_1_220' title='bbox 1546 3409 1637 3504; x_wconf 90' lang='lat' dir='ltr'><strong>(Vll.</strong></span> <span class='ocrx_word' id='word_1_221' title='bbox 1653 3407 1732 3482; x_wconf 88' lang='lat' dir='ltr'><strong>Xll.</strong></span> <span class='ocrx_word' id='word_1_222' title='bbox 1750 3407 1864 3506; x_wconf 82' lang='lat' dir='ltr'><strong>XlX.)</strong></span> <span class='ocrx_word' id='word_1_223' title='bbox 1890 3425 1993 3484; x_wconf 91' lang='lat' dir='ltr'><strong>certo</strong></span> <span class='ocrx_word' id='word_1_224' title='bbox 2017 3408 2150 3483; x_wconf 90' lang='lat' dir='ltr'><strong>ordine</strong></span> <span class='ocrx_word' id='word_1_225' title='bbox 2176 3431 2277 3484; x_wconf 89' lang='lat' dir='ltr'><strong>com·</strong></span> 
     </span>
     <span class='ocr_line' id='line_1_23' title="bbox 440 3541 2279 3647; baseline 0 -31"><span class='ocrx_word' id='word_1_226' title='bbox 440 3544 577 3647; x_wconf 88' lang='lat' dir='ltr'><strong>positis</strong></span> <span class='ocrx_word' id='word_1_227' title='bbox 599 3542 851 3637; x_wconf 90' lang='lat' dir='ltr'><strong>reperiuntur,</strong></span> <span class='ocrx_word' id='word_1_228' title='bbox 873 3566 921 3617; x_wconf 91' lang='lat' dir='ltr'><strong>ca</strong></span> <span class='ocrx_word' id='word_1_229' title='bbox 945 3543 1118 3641; x_wconf 90' lang='lat' dir='ltr'><strong>protinus</strong></span> <span class='ocrx_word' id='word_1_230' title='bbox 1141 3544 1183 3616; x_wconf 95' lang='lat' dir='ltr'><strong>in</strong></span> <span class='ocrx_word' id='word_1_231' title='bbox 1209 3541 1446 3618; x_wconf 89' lang='lat' dir='ltr'><strong>disordinem</strong></span> <span class='ocrx_word' id='word_1_232' title='bbox 1472 3543 1599 3641; x_wconf 89' lang='lat' dir='ltr'><strong>diripi.</strong></span> <span class='ocrx_word' id='word_1_233' title='bbox 1631 3543 1695 3618; x_wconf 81' lang='lat' dir='ltr'><strong>Sic</strong></span> <span class='ocrx_word' id='word_1_234' title='bbox 1716 3547 1844 3620; x_wconf 88' lang='lat' dir='ltr'><strong>nescio</strong></span> <span class='ocrx_word' id='word_1_235' title='bbox 1870 3544 2096 3642; x_wconf 69' lang='lat' dir='ltr'><strong>quicquum</strong></span> <span class='ocrx_word' id='word_1_236' title='bbox 2117 3542 2279 3642; x_wconf 88' lang='lat' dir='ltr'><strong>inscrip-</strong></span> 
     </span>
     <span class='ocr_line' id='line_1_24' title="bbox 441 3677 1847 3776; baseline -0.001 -23"><span class='ocrx_word' id='word_1_237' title='bbox 441 3683 583 3754; x_wconf 88' lang='lat' dir='ltr'><strong>tionem</strong></span> <span class='ocrx_word' id='word_1_238' title='bbox 611 3677 805 3772; x_wconf 89' lang='lat' dir='ltr'><strong>antiquam</strong></span> <span class='ocrx_word' id='word_1_239' title='bbox 827 3678 1051 3766; x_wconf 89' lang='lat' dir='ltr'><strong>inuenisset,</strong></span> <span class='ocrx_word' id='word_1_240' title='bbox 1071 3678 1202 3752; x_wconf 84' lang='lat' dir='ltr'><strong>literas</strong></span> <span class='ocrx_word' id='word_1_241' title='bbox 1226 3679 1325 3751; x_wconf 90' lang='lat' dir='ltr'><strong>eruit</strong></span> <span class='ocrx_word' id='word_1_242' title='bbox 1351 3689 1464 3775; x_wconf 90' lang='lat' dir='ltr'><strong>atque</strong></span> <span class='ocrx_word' id='word_1_243' title='bbox 1491 3677 1646 3753; x_wconf 89' lang='lat' dir='ltr'><strong>domum</strong></span> <span class='ocrx_word' id='word_1_244' title='bbox 1668 3681 1847 3776; x_wconf 82' lang='lat' dir='ltr'><strong>portauit</strong></span> 
     </span>
    </p>

    <p class='ocr_par' dir='ltr' id='par_1_5' title="bbox 444 3807 2283 4448">
     <span class='ocr_line' id='line_1_25' title="bbox 545 3807 2278 3911; baseline 0.003 -31"><span class='ocrx_word' id='word_1_245' title='bbox 545 3807 669 3898; x_wconf 79' lang='lat' dir='ltr'><strong>Quum</strong></span> <span class='ocrx_word' id='word_1_246' title='bbox 686 3810 879 3887; x_wconf 88' lang='lat' dir='ltr'><strong>israelitae</strong></span> <span class='ocrx_word' id='word_1_247' title='bbox 895 3813 945 3887; x_wconf 90' lang='lat' dir='ltr'><strong>ab</strong></span> <span class='ocrx_word' id='word_1_248' title='bbox 966 3813 1243 3908; x_wconf 88' lang='lat' dir='ltr'><strong>antiquissimis</strong></span> <span class='ocrx_word' id='word_1_249' title='bbox 1256 3809 1348 3884; x_wconf 91' lang='lat' dir='ltr'><strong>inde</strong></span> <span class='ocrx_word' id='word_1_250' title='bbox 1364 3815 1597 3911; x_wconf 90' lang='lat' dir='ltr'><strong>temporibus</strong></span> <span class='ocrx_word' id='word_1_251' title='bbox 1613 3814 1803 3888; x_wconf 89' lang='lat' dir='ltr'><strong>coniuncti</strong></span> <span class='ocrx_word' id='word_1_252' title='bbox 1819 3814 1961 3886; x_wconf 86' lang='lat' dir='ltr'><strong>inerint</strong></span> <span class='ocrx_word' id='word_1_253' title='bbox 1979 3831 2062 3885; x_wconf 91' lang='lat' dir='ltr'><strong>cum</strong></span> <span class='ocrx_word' id='word_1_254' title='bbox 2078 3808 2278 3908; x_wconf 80' lang='lat' dir='ltr'><strong>Aegyptiis</strong></span> 
     </span>
     <span class='ocr_line' id='line_1_26' title="bbox 445 3943 2280 4043; baseline -0.001 -21"><span class='ocrx_word' id='word_1_255' title='bbox 445 3948 604 4043; x_wconf 90' lang='lat' dir='ltr'><strong>aliisque</strong></span> <span class='ocrx_word' id='word_1_256' title='bbox 630 3943 851 4038; x_wconf 82' lang='lat' dir='ltr'><strong>gentilibus3</strong></span> <span class='ocrx_word' id='word_1_257' title='bbox 886 3969 965 4021; x_wconf 92' lang='lat' dir='ltr'><strong>non</strong></span> <span class='ocrx_word' id='word_1_258' title='bbox 996 3949 1154 4036; x_wconf 91' lang='lat' dir='ltr'><strong>mirum,</strong></span> <span class='ocrx_word' id='word_1_259' title='bbox 1186 3946 1308 4021; x_wconf 91' lang='lat' dir='ltr'><strong>multa</strong></span> <span class='ocrx_word' id='word_1_260' title='bbox 1338 3968 1423 4022; x_wconf 88' lang='lat' dir='ltr'><strong>esse</strong></span> <span class='ocrx_word' id='word_1_261' title='bbox 1448 3949 1487 4020; x_wconf 93' lang='lat' dir='ltr'><strong>in</strong></span> <span class='ocrx_word' id='word_1_262' title='bbox 1521 3945 1661 4022; x_wconf 88' lang='lat' dir='ltr'><strong>Codice</strong></span> <span class='ocrx_word' id='word_1_263' title='bbox 1689 3946 1805 4022; x_wconf 77' lang='lat' dir='ltr'><strong>Sacro</strong></span> <span class='ocrx_word' id='word_1_264' title='bbox 1831 3949 1923 4021; x_wconf 81' lang='lat' dir='ltr'><strong>solis</strong></span> <span class='ocrx_word' id='word_1_265' title='bbox 1951 3945 2087 4020; x_wconf 90' lang='lat' dir='ltr'><strong>harum</strong></span> <span class='ocrx_word' id='word_1_266' title='bbox 2110 3946 2280 4040; x_wconf 89' lang='lat' dir='ltr'><strong>gentium</strong></span> 
     </span>
     <span class='ocr_line' id='line_1_27' title="bbox 444 4077 2282 4180; baseline -0.001 -24"><span class='ocrx_word' id='word_1_267' title='bbox 444 4077 735 4180; x_wconf 85' lang='lat' dir='ltr'><strong>antiquitatibus</strong></span> <span class='ocrx_word' id='word_1_268' title='bbox 760 4079 1014 4176; x_wconf 80' lang='lat' dir='ltr'><strong>explicabilia</strong></span> <span class='ocrx_word' id='word_1_269' title='bbox 1063 4081 1211 4170; x_wconf 85' lang='lat' dir='ltr'><strong>Mases,</strong></span> <span class='ocrx_word' id='word_1_270' title='bbox 1243 4101 1358 4178; x_wconf 91' lang='lat' dir='ltr'><strong>quum</strong></span> <span class='ocrx_word' id='word_1_271' title='bbox 1388 4083 1613 4156; x_wconf 87' lang='lat' dir='ltr'><strong>auctoritate</strong></span> <span class='ocrx_word' id='word_1_272' title='bbox 1641 4081 1774 4157; x_wconf 89' lang='lat' dir='ltr'><strong>diuina</strong></span> <span class='ocrx_word' id='word_1_273' title='bbox 1801 4094 1951 4177; x_wconf 87' lang='lat' dir='ltr'><strong>gentem</strong></span> <span class='ocrx_word' id='word_1_274' title='bbox 1976 4103 2084 4157; x_wconf 88' lang='lat' dir='ltr'><strong>suam</strong></span> <span class='ocrx_word' id='word_1_275' title='bbox 2107 4103 2132 4154; x_wconf 87' lang='lat' dir='ltr'><strong>a</strong></span> <span class='ocrx_word' id='word_1_276' title='bbox 2155 4081 2282 4179; x_wconf 89' lang='lat' dir='ltr'><strong>perni-</strong></span> 
     </span>
     <span class='ocr_line' id='line_1_28' title="bbox 446 4211 2282 4320; baseline -0.004 -26"><span class='ocrx_word' id='word_1_277' title='bbox 446 4218 556 4294; x_wconf 84' lang='lat' dir='ltr'><strong>ciosa</strong></span> <span class='ocrx_word' id='word_1_278' title='bbox 572 4211 648 4288; x_wconf 88' lang='lat' dir='ltr'><strong>lide</strong></span> <span class='ocrx_word' id='word_1_279' title='bbox 682 4211 732 4288; x_wconf 90' lang='lat' dir='ltr'><strong>ad</strong></span> <span class='ocrx_word' id='word_1_280' title='bbox 758 4213 952 4320; x_wconf 83' lang='lat' dir='ltr'><strong>meliorem</strong></span> <span class='ocrx_word' id='word_1_281' title='bbox 975 4216 1162 4291; x_wconf 89' lang='lat' dir='ltr'><strong>rationem</strong></span> <span class='ocrx_word' id='word_1_282' title='bbox 1188 4211 1406 4305; x_wconf 85' lang='lat' dir='ltr'><strong>reduceret,</strong></span> <span class='ocrx_word' id='word_1_283' title='bbox 1429 4227 1534 4292; x_wconf 85' lang='lat' dir='ltr'><strong>certa</strong></span> <span class='ocrx_word' id='word_1_284' title='bbox 1555 4214 1747 4311; x_wconf 87' lang='lat' dir='ltr'><strong>dogmate,</strong></span> <span class='ocrx_word' id='word_1_285' title='bbox 1772 4228 1896 4292; x_wconf 88' lang='lat' dir='ltr'><strong>certos</strong></span> <span class='ocrx_word' id='word_1_286' title='bbox 1919 4234 2010 4292; x_wconf 84' lang='lat' dir='ltr'><strong>vaus</strong></span> <span class='ocrx_word' id='word_1_287' title='bbox 2031 4215 2282 4315; x_wconf 87' lang='lat' dir='ltr'><strong>impugnauit,</strong></span> 
     </span>
     <span class='ocr_line' id='line_1_29' title="bbox 449 4345 2283 4448; baseline -0.003 -20"><span class='ocrx_word' id='word_1_288' title='bbox 449 4353 528 4428; x_wconf 90' lang='lat' dir='ltr'><strong>alia</strong></span> <span class='ocrx_word' id='word_1_289' title='bbox 568 4345 756 4444; x_wconf 85' lang='lat' dir='ltr'><strong>siquidem</strong></span> <span class='ocrx_word' id='word_1_290' title='bbox 797 4347 1006 4448; x_wconf 88' lang='lat' dir='ltr'><strong>adiaphora</strong></span> <span class='ocrx_word' id='word_1_291' title='bbox 1039 4352 1197 4424; x_wconf 90' lang='lat' dir='ltr'><strong>retinuit</strong></span> <span class='ocrx_word' id='word_1_292' title='bbox 1237 4360 1351 4446; x_wconf 90' lang='lat' dir='ltr'><strong>atque</strong></span> <span class='ocrx_word' id='word_1_293' title='bbox 1386 4349 1616 4427; x_wconf 87' lang='lat' dir='ltr'><strong>emendauit.</strong></span> <span class='ocrx_word' id='word_1_294' title='bbox 1669 4349 1794 4441; x_wconf 81' lang='lat' dir='ltr'><strong>Quare</strong></span> <span class='ocrx_word' id='word_1_295' title='bbox 1827 4353 2004 4426; x_wconf 87' lang='lat' dir='ltr'><strong>instituta</strong></span> <span class='ocrx_word' id='word_1_296' title='bbox 2035 4351 2203 4426; x_wconf 74' lang='lat' dir='ltr'><strong>Moesica</strong></span> <span class='ocrx_word' id='word_1_297' title='bbox 2235 4371 2283 4423; x_wconf 93' lang='lat' dir='ltr'><strong>eo</strong></span> 
     </span>
    </p>
   </div>
   <div class='ocr_carea' id='block_1_5' title="bbox 448 4479 2292 5396">
    <p class='ocr_par' dir='ltr' id='par_1_6' title="bbox 448 4479 2292 5396">
     <span class='ocr_line' id='line_1_30' title="bbox 448 4479 2287 4584; baseline -0.002 -22"><span class='ocrx_word' id='word_1_298' title='bbox 448 4486 587 4562; x_wconf 86' lang='lat' dir='ltr'><strong>rectius</strong></span> <span class='ocrx_word' id='word_1_299' title='bbox 611 4479 892 4576; x_wconf 86' lang='lat' dir='ltr'><strong>intelliguntur,</strong></span> <span class='ocrx_word' id='word_1_300' title='bbox 918 4505 992 4581; x_wconf 91' lang='lat' dir='ltr'><strong>quo</strong></span> <span class='ocrx_word' id='word_1_301' title='bbox 1019 4487 1141 4582; x_wconf 82' lang='lat' dir='ltr'><strong>magis</strong></span> <span class='ocrx_word' id='word_1_302' title='bbox 1162 4495 1335 4562; x_wconf 83' lang='lat' dir='ltr'><strong>veterum</strong></span> <span class='ocrx_word' id='word_1_303' title='bbox 1356 4487 1528 4561; x_wconf 85' lang='lat' dir='ltr'><strong>maxime</strong></span> <span class='ocrx_word' id='word_1_304' title='bbox 1552 4485 1825 4584; x_wconf 84' lang='lat' dir='ltr'><strong>Aegyptiorum</strong></span> <span class='ocrx_word' id='word_1_305' title='bbox 1849 4485 1981 4580; x_wconf 88' lang='lat' dir='ltr'><strong>religio</strong></span> <span class='ocrx_word' id='word_1_306' title='bbox 2003 4487 2159 4579; x_wconf 86' lang='lat' dir='ltr'><strong>vitaque</strong></span> <span class='ocrx_word' id='word_1_307' title='bbox 2185 4503 2287 4558; x_wconf 91' lang='lat' dir='ltr'><strong>cam·</strong></span> 
     </span>
     <span class='ocr_line' id='line_1_31' title="bbox 450 4616 2288 4718; baseline -0.002 -23"><span class='ocrx_word' id='word_1_308' title='bbox 450 4617 577 4696; x_wconf 88' lang='lat' dir='ltr'><strong>munis</strong></span> <span class='ocrx_word' id='word_1_309' title='bbox 611 4617 904 4714; x_wconf 87' lang='lat' dir='ltr'><strong>perspiciantur,</strong></span> <span class='ocrx_word' id='word_1_310' title='bbox 931 4641 1088 4716; x_wconf 86' lang='lat' dir='ltr'><strong>quarum</strong></span> <span class='ocrx_word' id='word_1_311' title='bbox 1125 4619 1241 4694; x_wconf 88' lang='lat' dir='ltr'><strong>clauis</strong></span> <span class='ocrx_word' id='word_1_312' title='bbox 1274 4631 1334 4695; x_wconf 89' lang='lat' dir='ltr'><strong>est</strong></span> <span class='ocrx_word' id='word_1_313' title='bbox 1365 4622 1599 4698; x_wconf 85' lang='lat' dir='ltr'><strong>astronomia</strong></span> <span class='ocrx_word' id='word_1_314' title='bbox 1628 4623 1793 4718; x_wconf 84' lang='lat' dir='ltr'><strong>antiqua</strong></span> <span class='ocrx_word' id='word_1_315' title='bbox 1852 4619 2053 4693; x_wconf 88' lang='lat' dir='ltr'><strong>innumera</strong></span> <span class='ocrx_word' id='word_1_316' title='bbox 2089 4629 2177 4692; x_wconf 87' lang='lat' dir='ltr'><strong>sunt</strong></span> <span class='ocrx_word' id='word_1_317' title='bbox 2203 4616 2288 4692; x_wconf 86' lang='lat' dir='ltr'><strong>loca</strong></span> 
     </span>
     <span class='ocr_line' id='line_1_32' title="bbox 452 4745 2290 4854; baseline -0.001 -26"><span class='ocrx_word' id='word_1_318' title='bbox 452 4753 498 4830; x_wconf 86' lang='lat' dir='ltr'><strong>V.</strong></span> <span class='ocrx_word' id='word_1_319' title='bbox 511 4751 576 4841; x_wconf 69' lang='lat' dir='ltr'><strong>lt,</strong></span> <span class='ocrx_word' id='word_1_320' title='bbox 599 4771 695 4848; x_wconf 88' lang='lat' dir='ltr'><strong>quae</strong></span> <span class='ocrx_word' id='word_1_321' title='bbox 719 4750 811 4825; x_wconf 91' lang='lat' dir='ltr'><strong>indo</strong></span> <span class='ocrx_word' id='word_1_322' title='bbox 836 4751 1077 4828; x_wconf 77' lang='lat' dir='ltr'><strong>illustrentur.</strong></span> <span class='ocrx_word' id='word_1_323' title='bbox 1129 4754 1192 4830; x_wconf 78' lang='lat' dir='ltr'><strong>Sic</strong></span> <span class='ocrx_word' id='word_1_324' title='bbox 1214 4779 1315 4832; x_wconf 91' lang='lat' dir='ltr'><strong>nune</strong></span> <span class='ocrx_word' id='word_1_325' title='bbox 1337 4757 1473 4833; x_wconf 88' lang='lat' dir='ltr'><strong>clarius</strong></span> <span class='ocrx_word' id='word_1_326' title='bbox 1499 4766 1671 4854; x_wconf 85' lang='lat' dir='ltr'><strong>apparet,</strong></span> <span class='ocrx_word' id='word_1_327' title='bbox 1691 4779 1755 4829; x_wconf 91' lang='lat' dir='ltr'><strong>eur</strong></span> <span class='ocrx_word' id='word_1_328' title='bbox 1780 4745 1947 4829; x_wconf 86' lang='lat' dir='ltr'><strong>Hebraei</strong></span> <span class='ocrx_word' id='word_1_329' title='bbox 1970 4754 2177 4826; x_wconf 88' lang='lat' dir='ltr'><strong>etiamnum</strong></span> <span class='ocrx_word' id='word_1_330' title='bbox 2202 4749 2290 4826; x_wconf 80' lang='lat' dir='ltr'><strong>aba·</strong></span> 
     </span>
     <span class='ocr_line' id='line_1_33' title="bbox 451 4869 2291 4988; baseline -0.002 -24"><span class='ocrx_word' id='word_1_331' title='bbox 451 4889 601 4964; x_wconf 89' lang='lat' dir='ltr'><strong>tineant</strong></span> <span class='ocrx_word' id='word_1_332' title='bbox 626 4883 676 4959; x_wconf 91' lang='lat' dir='ltr'><strong>ab</strong></span> <span class='ocrx_word' id='word_1_333' title='bbox 702 4885 929 4960; x_wconf 80' lang='lat' dir='ltr'><strong>animalibus</strong></span> <span class='ocrx_word' id='word_1_334' title='bbox 955 4885 1206 4984; x_wconf 82' lang='lat' dir='ltr'><strong>Typhonieis,</strong></span> <span class='ocrx_word' id='word_1_335' title='bbox 1236 4869 1300 4966; x_wconf 85' lang='lat' dir='ltr'><strong>cur</strong></span> <span class='ocrx_word' id='word_1_336' title='bbox 1328 4890 1487 4968; x_wconf 81' lang='lat' dir='ltr'><strong>vimlnm</strong></span> <span class='ocrx_word' id='word_1_337' title='bbox 1507 4891 1573 4988; x_wconf 77' lang='grc' dir='ltr'><strong>(ω)</strong></span> <span class='ocrx_word' id='word_1_338' title='bbox 1599 4887 1865 4979; x_wconf 83' lang='lat' dir='ltr'><strong>adorauerint,</strong></span> <span class='ocrx_word' id='word_1_339' title='bbox 1897 4885 2181 4962; x_wconf 88' lang='lat' dir='ltr'><strong>tabernaculum</strong></span> <span class='ocrx_word' id='word_1_340' title='bbox 2208 4883 2291 4960; x_wconf 88' lang='lat' dir='ltr'><strong>hio-</strong></span> 
     </span>
     <span class='ocr_line' id='line_1_34' title="bbox 454 5018 2288 5124; baseline -0.002 -26"><span class='ocrx_word' id='word_1_341' title='bbox 454 5021 552 5098; x_wconf 90' lang='lat' dir='ltr'><strong>loehi</strong></span> <span class='ocrx_word' id='word_1_342' title='bbox 577 5019 758 5120; x_wconf 85' lang='lat' dir='ltr'><strong>(Domum</strong></span> <span class='ocrx_word' id='word_1_343' title='bbox 784 5023 904 5118; x_wconf 70' lang='lat' dir='ltr'><strong>am),</strong></span> <span class='ocrx_word' id='word_1_344' title='bbox 927 5034 1039 5121; x_wconf 90' lang='lat' dir='ltr'><strong>atque</strong></span> <span class='ocrx_word' id='word_1_345' title='bbox 1064 5035 1208 5100; x_wconf 88' lang='lat' dir='ltr'><strong>astrum</strong></span> <span class='ocrx_word' id='word_1_346' title='bbox 1231 5023 1332 5100; x_wconf 84' lang='lat' dir='ltr'><strong>Kiun</strong></span> <span class='ocrx_word' id='word_1_347' title='bbox 1350 5023 1607 5124; x_wconf 79' lang='lat' dir='ltr'><strong>(Typhonem)</strong></span> <span class='ocrx_word' id='word_1_348' title='bbox 1629 5025 1878 5124; x_wconf 86' lang='lat' dir='ltr'><strong>portauerint,</strong></span> <span class='ocrx_word' id='word_1_349' title='bbox 1898 5033 2060 5097; x_wconf 88' lang='lat' dir='ltr'><strong>martem</strong></span> <span class='ocrx_word' id='word_1_350' title='bbox 2077 5018 2288 5096; x_wconf 77' lang='lat' dir='ltr'><strong>Thammes</strong></span> 
     </span>
     <span class='ocr_line' id='line_1_35' title="bbox 453 5154 2290 5259; baseline -0.003 -26"><span class='ocrx_word' id='word_1_351' title='bbox 453 5159 522 5259; x_wconf 77' lang='grc' dir='ltr'><strong>(Θ)</strong></span> <span class='ocrx_word' id='word_1_352' title='bbox 547 5154 839 5254; x_wconf 90' lang='lat' dir='ltr'><strong>deplorauerint,</strong></span> <span class='ocrx_word' id='word_1_353' title='bbox 856 5154 923 5233; x_wconf 82' lang='lat' dir='ltr'><strong>vbi</strong></span> <span class='ocrx_word' id='word_1_354' title='bbox 948 5167 1049 5232; x_wconf 90' lang='lat' dir='ltr'><strong>terra</strong></span> <span class='ocrx_word' id='word_1_355' title='bbox 1068 5155 1195 5232; x_wconf 70' lang='grc' dir='ltr'><strong>(ὶοιοιι</strong></span> <span class='ocrx_word' id='word_1_356' title='bbox 1215 5159 1396 5253; x_wconf 89' lang='lat' dir='ltr'><strong>(Decuria</strong></span> <span class='ocrx_word' id='word_1_357' title='bbox 1425 5164 1473 5258; x_wconf 65' lang='lat' dir='ltr'><strong>a)</strong></span> <span class='ocrx_word' id='word_1_358' title='bbox 1496 5162 1571 5236; x_wconf 86' lang='lat' dir='ltr'><strong>sita</strong></span> <span class='ocrx_word' id='word_1_359' title='bbox 1592 5159 1717 5248; x_wconf 82' lang='lat' dir='ltr'><strong>luerit,</strong></span> <span class='ocrx_word' id='word_1_360' title='bbox 1745 5157 1837 5257; x_wconf 90' lang='lat' dir='ltr'><strong>quid</strong></span> <span class='ocrx_word' id='word_1_361' title='bbox 1858 5157 1932 5234; x_wconf 88' lang='lat' dir='ltr'><strong>sibi</strong></span> <span class='ocrx_word' id='word_1_362' title='bbox 1957 5155 2052 5232; x_wconf 87' lang='lat' dir='ltr'><strong>velit</strong></span> <span class='ocrx_word' id='word_1_363' title='bbox 2076 5155 2290 5231; x_wconf 89' lang='lat' dir='ltr'><strong>benedictio</strong></span> 
     </span>
     <span class='ocr_line' id='line_1_36' title="bbox 455 5287 2292 5396; baseline -0.002 -29"><span class='ocrx_word' id='word_1_364' title='bbox 455 5291 678 5396; x_wconf 87' lang='lat' dir='ltr'><strong>prophetica</strong></span> <span class='ocrx_word' id='word_1_365' title='bbox 700 5287 845 5380; x_wconf 86' lang='lat' dir='ltr'><strong>Jacobi,</strong></span> <span class='ocrx_word' id='word_1_366' title='bbox 868 5291 962 5368; x_wconf 83' lang='lat' dir='ltr'><strong>crux</strong></span> <span class='ocrx_word' id='word_1_367' title='bbox 986 5292 1234 5388; x_wconf 87' lang='lat' dir='ltr'><strong>interpretum</strong></span> <span class='ocrx_word' id='word_1_368' title='bbox 1257 5295 1366 5389; x_wconf 79' lang='lat' dir='ltr'><strong>(Gen</strong></span> <span class='ocrx_word' id='word_1_369' title='bbox 1380 5293 1469 5392; x_wconf 75' lang='lat' dir='ltr'><strong>tn),</strong></span> <span class='ocrx_word' id='word_1_370' title='bbox 1494 5305 1534 5368; x_wconf 85' lang='lat' dir='ltr'><strong>et</strong></span> <span class='ocrx_word' id='word_1_371' title='bbox 1553 5293 1597 5370; x_wconf 92' lang='lat' dir='ltr'><strong>id</strong></span> <span class='ocrx_word' id='word_1_372' title='bbox 1623 5315 1740 5390; x_wconf 53' lang='lat' dir='ltr'><strong>unus</strong></span> <span class='ocrx_word' id='word_1_373' title='bbox 1764 5295 1850 5369; x_wconf 86' lang='lat' dir='ltr'><strong>alia.</strong></span> <span class='ocrx_word' id='word_1_374' title='bbox 1902 5291 2064 5369; x_wconf 88' lang='lat' dir='ltr'><strong>Grauius</strong></span> <span class='ocrx_word' id='word_1_375' title='bbox 2090 5302 2160 5379; x_wconf 86' lang='lat' dir='ltr'><strong>est,</strong></span> <span class='ocrx_word' id='word_1_376' title='bbox 2191 5287 2292 5389; x_wconf 86' lang='lat' dir='ltr'><strong>quad</strong></span> 
     </span>
    </p>
   </div>
   <div class='ocr_carea' id='block_1_6' title="bbox 0 0 2512 6100">
    <p class='ocr_par' dir='ltr' id='par_1_7' title="bbox 0 0 2512 6100">
     <span class='ocr_line' id='line_1_37' title="bbox 0 0 2512 6100; baseline 0 0"><span class='ocrx_word' id='word_1_377' title='bbox 0 0 2512 6100; x_wconf 95' lang='lat' dir='ltr'><strong> </strong></span> 
     </span>
    </p>
   </div>
  </div>
 </body>
</html>
