4896 6096
339 5447 349 5507 'l

1167 521 1502 601 ...M-.-

813 842 882 926 De
918 842 1127 951 principio
1164 841 1510 954 hieroglyphicas
1543 841 1869 926 astronomicae.

513 983 619 1062 Quum
641 987 841 1072 quaerimus,
864 1005 1021 1071 quaenam
1039 983 1098 1049 lex
1119 983 1216 1049 luerit
1238 1006 1363 1050 somme
1383 983 1642 1071 hieroglyphicas
1663 981 1895 1069 Aegyptiorum
1917 981 2161 1059 astronomicae,
2190 979 2261 1040 siue

427 1103 585 1189 quomodo
605 1103 761 1189 Aegyptii
780 1103 927 1189 planetes
951 1113 1047 1188 etque
1075 1103 1168 1188 signe
1191 1100 1371 1166 zodiacalia
1395 1100 1600 1188 reliquasque
1628 1101 1794 1188 eclipticas
1815 1113 1926 1188 partes
1953 1095 2208 1186 significeoerint
2228 1095 2261 1155 ia

426 1223 627 1296 uniuersum
648 1219 691 1285 ad
709 1220 743 1284 id
766 1243 860 1284 nemo
883 1231 943 1300 est,
966 1219 1108 1304 quitum
1129 1217 1235 1298 clare,
1258 1230 1324 1282 tans
1347 1232 1513 1300 accurate,
1538 1231 1604 1282 tem
1626 1219 1744 1284 diserte
1764 1218 1974 1303 respondeat,
2003 1234 2099 1302 quarn
2118 1209 2258 1276 Chaere·

427 1359 521 1421 mon,
555 1339 704 1404 sacerdos
730 1337 930 1424 Aegyptius,
964 1334 1048 1422 apud
1078 1333 1291 1422 Porphyrium
1311 1339 1350 1418 ¹).
1395 1333 1613 1417 Chaeremon,
1643 1336 1747 1420 inquit
1767 1332 1979 1420 Porphyrius,
2010 1333 2133 1416 aliique
2155 1326 2260 1402 stulti,

427 1453 513 1520 st'hii
530 1455 609 1540 quid
627 1463 822 1544 agnosceret,
845 1463 925 1517 aste
945 1450 1094 1516 usadura
1114 1449 1200 1516 duae
1221 1447 1489 1536 adspectabilest,
1511 1469 1615 1536 reque
1630 1451 1715 1515 alios
1735 1450 1982 1534 Aegyptios-sas,
2004 1454 2039 1512 ιιι
2055 1450 2136 1532 ipsis
2157 1448 2264 1526 scrap-

429 1579 534 1637 torsss
556 1591 684 1650 ιιιιιιι
701 1569 861 1651 exordiis,
880 1577 1016 1654 poseat
1028 1563 1131 1650 Deos,
1148 1577 1292 1652 praeter
1311 1569 1413 1651 uulgo
1429 1567 1535 1632 dictor
1548 1569 1723 1653 planetas,
1744 1576 1779 1631 et
1796 1565 1936 1630 Zodiact
1953 1569 2063 1648 rs'grta,
2085 1560 2262 1639 entellus,

428 1689 526 1754 simul
544 1709 614 1754 cust
635 1685 686 1752 dir
709 1693 744 1752 iu
767 1696 972 1774 routpertum
995 1689 1182 1762 oesierster,
1214 1693 1251 1748 et
1269 1687 1432 1750 rectiores
1453 1681 1684 1767 Decasoruss,
1707 1693 1744 1748 et
1760 1681 1980 1766 Hororcopor.
2002 1715 2045 1730 -
2071 1677 2197 1764 Qmppe
2212 1679 2262 1738 oi·

427 1803 527 1871 dedat
545 1810 639 1886 ertias,
660 1810 718 1889 qui
737 1799 846 1869 Soleus
866 1803 1017 1866 uniuersi
1034 1799 1247 1865 architectum
1270 1820 1342 1865 erre
1360 1800 1528 1884 dicerent,
1554 1800 1686 1866 abillis
1709 1820 1775 1864 aaa
1795 1820 1836 1864 eu
1859 1807 1997 1880 ιιιιιιιιιι,
2019 1815 2104 1882 puae
2125 1791 2172 1858 ad
2192 1791 2263 1856 Ori·

427 1924 530 1988 rideas
551 1919 734 2004 Itidemque
753 1925 944 2004 pertineat,
971 1916 1030 1980 red
1050 1923 1149 1980 etiess
1168 1917 1321 2001 quicquid
1341 1937 1512 1982 sacrarum
1526 1914 1724 1994 fabularum
1745 1924 1839 1998 erut,
1864 1922 1992 2001 partiat
2012 1919 2048 1978 ia
2070 1911 2189 1976 stellas
2210 1927 2262 1971 eo-

429 2059 561 2127 rssspue
584 2044 795 2121 conspectur,
820 2032 1059 2098 occultationes
1081 2041 1458 2120 oecurrurque‚partius
1480 2031 1668 2104 tuburtae,
1701 2034 1793 2098 ssodo
1816 2035 2016 2109 crescentie,
2040 2027 2132 2093 ssodo
2154 2043 2263 2090 reaes-

430 2162 546 2236 cerstis,
568 2157 783 2228 oructares,
798 2155 925 2236 partire
948 2153 983 2212 irs
1009 2147 1099 2213 Solis
1120 2169 1265 2229 currunt,
1285 2151 1395 2214 celtu
1417 2159 1627 2234 auctoratus,
1651 2161 1714 2215 aut
1732 2150 1883 2214 diurnum
1905 2143 2188 2232 hemisphaerium,
2211 2141 2266 2205 oei

429 2281 465 2342 irs
486 2271 600 2339 Nilum
611 2269 763 2352 steatitis,
783 2275 904 2331 curseto
924 2264 1063 2351 dentque
1082 2270 1118 2329 irs
1138 2285 1192 2328 rer
1213 2251 1405 2349 naturales,
1427 2265 1512 2331 stilti
1527 2271 1563 2330 irs
1585 2275 1728 2332 autrrras
1750 2285 1913 2352 corporea
1933 2263 2017 2328 stole
2038 2269 2192 2326 carentes
2214 2263 2262 2320 oi-

429 2399 617 2473 vesterque,
641 2385 802 2463 censuri.
845 2383 958 2469 ltaque
980 2405 1024 2446 ex
1052 2379 1203 2447 hocloco
1226 2381 1347 2448 clarum
1371 2398 1431 2464 est,
1455 2385 1586 2448 numina
1607 2383 1840 2470 Aegyptiorum
1862 2385 1987 2464 omnie,
2010 2382 2080 2445 siue
2101 2395 2263 2463 quaecuu-

429 2531 492 2598 que
514 2507 575 2572 hoc
596 2524 616 2567 e
636 2500 757 2589 populo
780 2500 889 2566 diuino
910 2499 1033 2564 honore
1053 2496 1251 2564 haberentur
1273 2514 1305 2564 et
1326 2498 1524 2584 colerentur,
1555 2523 1594 2566 ee
1616 2499 1798 2587 siguificare
1820 2503 1938 2588 partim
1958 2497 2123 2586 planetes,
2146 2493 2263 2579 partius

429 2635 594 2712 segmenta
616 2616 812 2698 aodiamlie,
834 2618 952 2703 partim
975 2615 1115 2702 reliques
1143 2616 1317 2681 diuisiones
1346 2620 1587 2684 astronomicas.
1629 2618 1718 2706 Ergo
1740 2617 1886 2704 symbolo
1906 2615 2111 2704 planetarum
2133 2622 2165 2674 et
2187 2630 2265 2693 seg·

427 2752 606 2808 meatomm
629 2735 759 2800 zodiaci
789 2745 864 2798 suut
886 2731 942 2798 Dii
963 2733 1120 2820 Deaeque
1140 2732 1394 2819 Aegyptiorum,
1427 2735 1527 2799 variis
1558 2734 1662 2799 modis
1690 2729 1863 2822 cogitatae
1883 2735 2046 2820 variisque
2067 2725 2263 2816 imaginihus

427 2873 620 2944 expressae,
652 2863 747 2934 atque
770 2848 854 2912 aliae
876 2871 988 2912 eorum
1009 2872 1062 2913 res
1084 2871 1205 2914 sacrae.
1250 2850 1387 2917 Constat
1408 2853 1512 2934 enim,
1537 2850 1717 2942 Aegyptios
1736 2873 1800 2916 non
1819 2851 1924 2918 solum
1946 2852 2112 2916 numinum
2132 2865 2263 2914 suorum
2403 2913 2406 2920 ,

425 2972 515 3041 idola
534 2965 697 3046 hahuisse,
721 2964 776 3028 sed
799 2965 896 3028 etiem
919 2964 1084 3046 animalia,
1108 2963 1258 3048 erhores,
1279 2966 1407 3053 plantas
1432 2967 1576 3056 aliasque
1597 2991 1651 3034 res
1672 2990 1781 3034 mores
1802 2982 1838 3034 rt
1865 2970 1943 3034 deos
1965 2966 2112 3033 coluisse.
2155 2961 2262 3029 Chae·

426 3111 537 3156 remon
559 3107 649 3165 vero,
673 3105 744 3148 cum
764 3104 827 3169 quo
847 3082 966 3148 multos
988 3079 1069 3146 alios
1092 3086 1274 3147 consentire
1297 3084 1374 3148 dicit
1395 3085 1609 3171 Porphyrius,
1631 3085 1680 3149 vir
1700 3085 1799 3172 longa
1821 3086 1966 3150 eruditos
1986 3099 2020 3150 et
2042 3084 2174 3163 doctos,
2195 3077 2261 3144 lide

426 3209 555 3274 omnino
577 3201 782 3288 dignissimus
801 3214 861 3266 est.
905 3197 1160 3264 Chaeremonem
1183 3202 1267 3264 euim
1291 3200 1391 3264 luisse
1413 3201 1557 3266 Scribam
1577 3180 1760 3284 schramm,
1785 3201 2046 3288 ἱερογραμμαιει,
2069 3203 2153 3265 inter
2172 3199 2259 3285 priu-

424 3325 513 3413 cipes
537 3318 760 3400 secerdotum,
789 3320 844 3402 qui
865 3319 1052 3381 interiorem
1074 3317 1301 3399 mysteriorum
1321 3319 1470 3383 notitiam
1495 3317 1669 3402 heberent,
1701 3341 1746 3384 ex
1767 3317 1908 3384 Eusebio
1932 3331 2069 3398 constat.
2114 3313 2262 3381 Eundem

425 3437 622 3527 Porphyrius
645 3430 868 3520 philosophiae
891 3433 1018 3498 Stoicae
1039 3431 1200 3496 addictum
1222 3431 1440 3519 nuncupem).
1481 3435 1564 3499 Sunt
1583 3456 1663 3500 vero
1685 3449 1719 3500 et
1738 3434 1793 3499 ulii
1815 3434 1924 3516 multi,
1947 3437 2001 3522 qui
2022 3457 2095 3501 cum
2117 3433 2261 3500 Chaere·

423 3577 518 3622 moue
539 3554 751 3618 consentient.
795 3547 848 3613 Sic
867 3548 973 3614 Julius
994 3549 1151 3614 Firmicus
1170 3551 1204 3614 ia
1226 3553 1421 3614 astronomia
1447 3572 1507 3616 sue
1528 3550 1727 3637 Aegyptiace
1748 3549 1912 3636 planetam
1935 3560 2075 3636 avocat
2094 3549 2262 3616 habitato·

421 3691 488 3750 ress
511 3675 606 3755 rupis
630 3665 795 3752 Tarpeiae
810 3667 854 3750 ²).
897 3661 971 3740 Quo
993 3688 1133 3754 unquam
1155 3688 1233 3730 vero
1254 3669 1325 3731 iure
1347 3675 1377 3743 11
1399 3641 1569 3755 planetum¹
1587 3667 1694 3732 dicere
1722 3665 1866 3734 licuisset
1886 3667 2002 3734 leuem
2024 3667 2257 3756 Capitolinum,

419 3793 449 3853 si
468 3801 575 3853 statua
594 3784 686 3850 louis
707 3781 883 3869 Capitolini
903 3804 967 3846 non
989 3781 1170 3868 symbolum
1189 3782 1304 3848 luisset
1325 3791 1353 3868 4
1373 3783 1545 3871 planetee‘l
1567 3783 1649 3849 Item
1671 3784 1829 3850 Firmicus
1849 3787 1998 3868 decenos,
2020 3789 2091 3853 siue
2113 3769 2260 3852 dominos

420 3905 621 3968 decuriarum
657 3922 716 3986 per
745 3899 912 3963 duodecim
945 3903 1038 3986 sigua
1067 3897 1255 3985 dispositos,
1293 3901 1413 3988 quippe
1440 3899 1605 3987 planetes,
1632 3899 1750 3966 diserte
1781 3901 1859 3967 deos
1883 3901 2026 3990 appellet
2042 3895 2112 3992 ⁴).'
2140 3903 2259 3989 Papyri

420 4017 799 4103 Graeco-Aegyptiacae
827 4039 899 4082 cum
922 4015 1166 4082 constellatione
1190 4030 1223 4081 et
1250 4016 1419 4081 arduitate
1441 4014 1641 4098 Anchisem,
1675 4019 1766 4083 cuius
1788 4019 2039 4106 explicationem
2059 4021 2146 4086 infra
2166 4014 2257 4083 dehi-

418 4159 501 4214 mus,
522 4135 574 4201 hic
596 4153 646 4200 est
662 4132 791 4198 titulus:
814 4129 892 4197 irre
905 4135 994 4212 θεοι,
1019 4156 1064 4199 ex
1081 4156 1144 4220 quo
1166 4145 1311 4219 apparet,
1334 4145 1459 4217 septem
1478 4132 1711 4221 Aegyptiorum
1728 4137 1806 4203 deos
1828 4139 2001 4226 primarios
2015 4139 2117 4204 l'oisse
2131 4150 2256 4224 septem

415 4250 620 4340 planetes5).
663 4249 753 4315 Idem
774 4248 835 4314 sihi
853 4247 965 4314 volunt
985 4265 1108 4334 septem
1124 4249 1359 4333 Aegyptiorum
1380 4261 1477 4338 etque
1490 4249 1627 4355 alierum
1647 4255 1813 4320 nationum
1826 4252 1956 4339 Cehyri,
1974 4266 2097 4339 hauteu,
2116 4273 2253 4344 quorum

416 4383 511 4455 peter
528 4366 648 4452 Sedyr,
671 4364 726 4432 vel
745 4364 855 4451 Sydic,
879 4363 1058 4444 Vulcanus,
1071 4361 1151 4426 'siue
1169 4359 1261 4428 Deus
1283 4363 1326 4430 0.
1343 4363 1390 4433 Μ.
1412 4367 1513 4432 fuisse
1533 4357 1655 4452 fertur,
1685 4373 1739 4457 qui
1763 4373 1892 4460 quidem
1914 4375 2097 4439 sexcenties
2118 4394 2139 4436 e
2158 4383 2252 4436 vata·

415 4483 505 4548 ribus
524 4496 814 4550 cosumemoreutur
833 4483 877 4568 ⁸).
920 4478 1121 4562 Cahyrornm
1143 4495 1222 4542 reso
1245 4480 1401 4568 templum
1425 4483 1571 4572 Memphi
1593 4484 1758 4572 exstabat,
1783 4503 1865 4556 teste
1885 4491 2067 4558 Herodoto.
2108 4488 2252 4556 Eosdem

416 4627 838 4640 mumma——

482 4699 512 4764 l)
530 4697 634 4767 Porph.
652 4699 682 4752 ln
702 4699 824 4767 epistole
841 4697 876 4750 ed
896 4695 1059 4750 tuchonem
1075 4695 1107 4748 1ι
1124 4695 1275 4752 Jemhllchl
1292 4699 1327 4754 de
1348 4705 1497 4772 mysteriis
1516 4705 1635 4776 Aegypt.
1655 4705 1727 4761 llhh.
1743 4721 1770 4778 p.
1780 4709 1808 4764 t.

479 4787 511 4850 1)
530 4785 637 4840 linaeh.
657 4784 822 4850 Praeparat.
840 4782 980 4850 Euangel.
1000 4783 1035 4838 1..
1042 4783 1077 4840 V.
1096 4797 1121 4836 c.
1131 4783 1192 4848 lt„
1210 4783 1353 4857 Porphyr.
1371 4787 1407 4844 de
1424 4789 1538 4848 Abstie.
1554 4793 1590 4848 1..
1598 4791 1649 4848 tv.
1668 4793 1764 4862 pall.

479 4869 510 4935 1)
528 4869 586 4923 lul.
604 4871 692 4924 Firm.
713 4869 837 4920 histere.
860 4868 1288 4938 astron.mu.1.cop.1v.ea.
1307 4887 1370 4946 pag.
1380 4877 1423 4930 lt.

408 5039 437 5093 di
458 5039 469 5090 Ι
471 4954 578 5091 di)
524 4953 664 5008 thtous
681 4951 715 5004 1..
724 4949 773 5004 lv.
793 4967 816 5002 c.
827 4949 902 5006 xvi.
920 4967 947 5020 p.
956 4951 1015 5006 lot.
1035 4971 1087 5024 per
1104 4956 1136 5007 11
1154 4955 1489 5034 ,‚signorum¹‘,1nqutt,
1510 4977 1680 5027 ,momorum
1698 4961 1824 5027 detrusa,
1842 4979 1889 5016 ars
1909 4961 2074 5018 messorum
2090 4963 2249 5018 multitudo

407 5049 410 5056 ’
439 5055 456 5092 u
488 5041 587 5092 1ιι“.ι

476 5126 503 5192 5)
521 5123 650 5177 Paralll.
669 5121 705 5172 Aa
708 5125 784 5172 troo
800 5117 869 5186 Aeg
886 5117 913 5186 fl.
923 5122 949 5172 2.
976 5119 1050 5178 Vide
1073 5122 1177 5194 Young
1195 5125 1419 5200 llleroglyphia
1436 5129 1509 5182 Tab.
1514 5129 1576 5182 Lll.

473 5209 502 5272 o)
521 5205 664 5260 Herodes
685 5203 747 5255 Lth
755 5203 791 5254 ll.
808 5201 884 5256 cti.
902 5205 979 5273 151,
1005 5205 1130 5276 Syncell.
1147 5212 1239 5279 p.l⁸.
1266 5214 1366 5268 Cicero
1395 5217 1429 5269 de
1454 5213 1521 5270 Nat.
1541 5213 1630 5266 Deor.
1657 5212 1721 5266 L..l
1738 5213 1833 5280 ο.11.,
1860 5213 1992 5269 clemens
2010 5217 2091 5274 Ales.
2111 5217 2247 5314 Protrep.

389 5293 481 5362 1)..ss
499 5297 611 5359 septem
632 5287 702 5339 dicit
724 5244 1036 5360 essedeosplaeelaa,
1055 5300 1295 5361 cohaesuram,
1314 5300 1416 5366 quiex
1437 5295 1483 5352 hta
1503 5299 1637 5352 omnihus
1655 5304 1785 5364 constat,
1806 5250 1951 5356 aluredum.

2427 5305 2430 5360 l

2429 5439 2430 5488 l

2429 5513 2430 5542 t
