4882 6098
1151 503 1519 582 ...30οψ-

517 707 633 792 ltaque
658 641 704 766 bx
731 699 782 764 lis
803 697 925 762 clarum
952 705 1019 772 est,
1049 696 1133 781 quod
1153 695 1433 782 praemonuimus,
1461 688 1618 756 luteribus
1635 687 1664 754 S
1680 687 1723 770 Y,
1748 685 1823 755 ΛΤ
1842 687 1946 776 Signa
1967 693 2009 756 i2
2029 687 2163 756 lodium
2186 693 2269 756 ordi-

436 840 512 893 nata
535 841 606 890 csse
631 834 664 884 et
685 819 854 882 coniuncta
878 811 1052 878 secuudum
1070 811 1259 900 Hexagona
1280 811 1336 878 vel
1348 808 1531 897 'l'riangulu
1555 805 1737 883 dimidiam
1758 805 1915 872 lateribus
1936 829 2016 876 vero
2037 809 2112 888 Gi,
2131 809 2209 878 KB
2230 811 2270 873 ad

436 946 592 1010 rationem
614 932 875 1020 Trinugnlomm.
919 929 1011 996 Prior
1031 929 1110 996 ordo
1133 933 1219 995 cuim
1242 930 1295 996 hic
1317 943 1383 996 est:

546 1079 751 1167 Ubii
884 1075 1023 1154 Sta
1097 1078 1310 1178 ,stfflm
1410 1078 1543 1152 tun
1677 1073 1801 1139 u.v
1944 1073 2104 1142 n=m

1162 1197 1548 1280 ΝΠΩέῶπ)
1835 1185 1839 1196 ’

537 1315 755 1406 WSX
888 1311 1017 1394 iffi
1146 1292 1538 1397 Ws‘uu
1674 1307 1805 1389 uu
1936 1309 2103 1396 awa

1165 1427 1550 1516 munuca)
2135 1419 2137 1426 ’

526 1585 647 1652 Latera
669 1583 703 1645 in
724 1577 870 1667 partibus
892 1579 943 1644 bis
964 1581 1093 1668 quidem
1114 1585 1272 1668 oppositis
1294 1581 1379 1646 bunc
1400 1581 1545 1658 ordinem
1570 1589 1747 1664 sequantur
1768 1571 2004 1660 Trigcnomm:

589 1761 763 1866 istd
993 1759 1206 1860 iubffi
1448 1753 1690 1860 stN·u
1894 1753 2133 1855 mssfflss

582 1864 771 1970 gur
1013 1861 1190 1971 Aha
1458 1857 1684 1970 ,0·u
1899 1853 2137 1958 AQ·n

665 1963 692 2028 1.
731 1976 770 2034 Υ
1100 1959 1201 2037 mm
1497 1909 1682 2038 ⁴ll'.t.z
1984 1957 2021 2020 tt.
2091 1973 2137 2021 :ss

572 2047 805 2187 dtus
975 2097 1210 2179 ugmz
1434 2094 1696 2170 muna
1894 2093 2143 2178 mffimm

529 2251 633 2318 Priori
654 2249 688 2309 iu
708 2241 820 2308 tabula
840 2242 909 2308 sola
934 2245 1034 2332 Signa
1058 2255 1090 2334 ςὶ
1121 2255 1153 2308 et
1181 2258 1230 2326 g,
1251 2245 1395 2308 ordinem
1416 2241 1592 2329 Signorum
1614 2240 1787 2306 secuudum
1809 2241 1996 2329 Hexugona
2017 2241 2170 2324 turbant,¹
2188 2246 2274 2307 cuins

445 2374 493 2438 rei
519 2369 603 2433 ratio
629 2363 709 2427 lutet
734 2357 821 2432 in
843 2361 931 2444 (Liu.
945 2361 1015 2447 0.).
1055 2361 1217 2429 Nimirum
1242 2367 1283 2444 b,
1306 2383 1404 2448 quum
1419 2363 1568 2447 opposita
1582 2373 1668 2423 esset
1692 2355 1740 2440 Θ,
1755 2359 1850 2450 idque
1869 2361 2003 2424 indicari
2026 2357 2157 2424 deberet
2181 2362 2275 2424 etiam

445 2493 479 2554 in
506 2480 661 2551 lateribus
682 2477 823 2561 tabulae,
849 2478 998 2564 ponenda
1022 2482 1092 2543 erat
1114 2483 1147 2544 in
1170 2479 1241 2544 loco
1261 2479 1297 2546 Θ
1322 2476 1471 2563 opposito
1494 2475 1712 2563 (C.,col.0.).
1758 2474 1866 2551 Quum
1885 2487 1969 2544 vero‘
1989 2483 2227 2547 u-versmerur
2244 2479 2274 2541 in

447 2613 507 2684 a,
537 2599 600 2670 lroc
628 2614 707 2662 vero
729 2595 863 2683 Signum
887 2595 969 2660 alias
995 2597 1223 2682 exponendum
1246 2607 1332 2660 esset
1354 2593 1423 2680 (F.)
1447 2595 1488 2658 ud
1508 2592 1613 2658 locum
1640 2599 1664 2662 b
1691 2597 1871 2658 accuratius
1900 2592 2134 2670 definiendum
2169 2609 2277 2659 auctor

446 2719 580 2785 ultorem
609 2731 631 2802 2
660 2713 802 2778 Domum
822 2711 989 2794 adhibuit,
1019 2736 1081 2800 qno
1110 2718 1133 2782 b
1159 2725 1311 2800 poneret,
1343 2711 1520 2792 scilicet!
1557 2711 1646 2793 (Liu.
1662 2707 1728 2792 C.).
1772 2708 1885 2798 ltaque
1904 2725 2107 2777 astronomus
2126 2707 2199 2776 loco
2223 2717 2276 2796 Q,

445 2837 558 2922 quiin
586 2853 663 2896 area
685 2830 723 2897 C.
751 2834 827 2919 poni
857 2829 1038 2912 debuisset,
1076 2834 1186 2916 posuit
1215 2840 1246 2913 Ἀ
1278 2847 1311 2898 et
1339 2833 1412 2897 vice
1433 2851 1539 2896 versa.
1582 2828 1758 2895 Praeterea
1785 2828 1819 2890 in
1852 2827 1957 2914 Signo
1973 2838 2014 2920 ,Ω
2041 2831 2217 2892 accuratius
2238 2827 2276 2894 s?

447 2953 538 3016 loeus
555 2947 745 3012 indicandus
767 2961 854 3028 emt,
878 2969 941 3032 qua
962 2947 1002 3010 de
1023 2969 1060 3011 re
1081 2947 1145 3012 ulia
1166 2948 1314 3031 symbola
1334 2969 1427 3016 sacra
1448 2960 1578 3032 praeter
1597 2943 1756 3012 Dominus
1776 2945 1920 3028 Domus,
1948 2942 2086 3032 Trigoni
2106 2959 2140 3014 et
2158 2945 2280 3012 Tetra·

448 3068 524 3154 goni
551 3062 690 3130 adscribi
713 3062 885 3130 debebant.
928 3065 1014 3130 Hinc
1041 3080 1244 3130 astronomus
1264 3080 1374 3132 noster
1396 3067 1553 3130 intactum
1572 3061 1754 3148 relinquere
1776 3061 1914 3130 debebat
1934 3063 2070 3149 Signum
2096 3071 2154 3154 Q,
2181 3078 2281 3153 atquc

448 3191 584 3248 vacuum
606 3165 740 3266 Signum
761 3182 894 3270 eligere,
918 3203 981 3270 quo
1009 3185 1049 3263 b,
1072 3185 1254 3270 oppositam
1277 3182 1324 3259 Θ,
1347 3195 1493 3270 poneret.
1594 3257 1597 3264 Ι

532 3295 628 3363 Nunc
650 3309 769 3375 restat,
805 3313 841 3363 vt
863 3302 1042 3364 accuratius
1068 3298 1108 3362 de
1131 3299 1332 3386 singulorum
1358 3300 1561 3387 planetarum
1582 3298 1662 3366 lecit
1681 3297 1860 3367 videamus.
1902 3294 2060 3362 Nouimus
2081 3299 2189 3380 auhn,
2222 3298 2289 3366 Ae-

450 3417 579 3504 gyptius
599 3433 663 3478 non
686 3411 790 3478 solum
811 3414 929 3502 Signa,
961 3418 995 3480 in
1014 3413 1130 3501 quibus
1149 3415 1301 3501 planetae
1321 3415 1544 3498 uersarentur,
1568 3416 1745 3490 indicasse,
1766 3413 1823 3478 sed
1846 3413 1944 3478 etiam
1967 3415 2092 3478 minora
2107 3414 2291 3502 Sgncsutu

449 3544 634 3618 segmenta,
666 3527 786 3593 scilicet
807 3529 999 3615 Decuriam,
1029 3533 1166 3614 llorion,
1195 3532 1487 3599 Dodecatemoriou
1511 3547 1544 3598 et
1565 3531 1722 3598 Moeram.
1765 3527 1839 3606 Qua
1861 3531 1895 3595 in
1923 3551 1960 3594 re
1980 3552 2046 3596 non
2067 3551 2154 3618 opus
2182 3548 2237 3598 est
2258 3536 2293 3598 iu

448 3649 634 3713 memoriam
659 3665 830 3727 reuocare,
867 3647 1046 3735 Aegyptios
1062 3668 1217 3734 miscuas
1238 3653 1469 3717 astronomicus
1491 3654 1556 3716 ium
1585 3647 1650 3715 alio
1678 3669 1775 3714 seusu
1797 3645 1959 3714 adhibitas
1977 3651 2011 3713 in
2028 3663 2120 3715 certo
2144 3653 2297 3738 quodam

446 3766 547 3852 Signo
568 3763 673 3826 denuo
695 3761 847 3828 adhibere
867 3765 907 3828 ad
933 3765 1102 3830 indicenda
1123 3765 1292 3849 Decutiat,
1316 3767 1431 3851 Horis,
1455 3767 1725 3833 Dedecutemoria
1745 3777 1777 3828 et
1794 3759 1939 3842 Moerus,
1962 3764 2156 3852 quibuscum
2178 3768 2299 3856 plane·

448 3900 500 3948 tae
521 3877 682 3946 coniuncti
702 3893 917 3947 cernerentur.
962 3880 1113 3948 Ceterum
1139 3884 1323 3966 tenendum,
1346 3898 1385 3950 vt
1399 3884 1532 3974 reliquis
1553 3887 1586 3949 in
1608 3879 1737 3970 scriptis
1759 3883 1981 3947 astronomicis
2000 3902 2052 3978 ⁸¹.
2066 3883 2133 3964 boc
2156 3909 2300 3974 genere,

448 4001 494 4062 ita
516 4009 549 4060 et
571 3992 623 4058 hic
645 3992 781 4078 singulis
802 3997 835 4060 in
862 3994 940 4062 locis
961 3997 1194 4087 longitudinem
1217 4000 1420 4085 planetarum
1441 4004 1489 4066 ita
1511 3997 1665 4078 describi,
1692 4013 1729 4063 vt
1750 4011 1859 4084 partes
1879 4001 2018 4066 maiores
2040 3999 2137 4088 Signi
2160 4027 2304 4090 pracee-

448 4115 525 4178 dant
543 4113 683 4178 minores
704 4109 800 4191 (Dec.
821 4111 903 4177 Hor.
925 4113 1010 4181 Ded.
1031 4114 1171 4202 Moero),
1195 4131 1353 4204 quatenus
1380 4115 1477 4184 liceat
1500 4140 1558 4204 per
1580 4116 1725 4185 ordinem
1745 4115 1980 4202 praefectorum
2003 4117 2094 4203 Signi
2124 4124 2310 4188 maximo·

369 4279 374 4286 .
445 4249 535 4308 runt,
561 4240 658 4311 atque
678 4229 725 4291 itu
744 4239 781 4291 vt
802 4226 916 4293 ultima
936 4229 1027 4316 Signi
1050 4230 1158 4318 figura
1178 4231 1323 4298 Moeram
1346 4255 1418 4300 cum
1439 4235 1572 4324 planeta
1593 4237 1796 4301 coniunctum
1818 4231 1958 4296 denotet.
1999 4235 2129 4315 Excipe
2155 4232 2244 4302 Lin.
2259 4236 2312 4321 1,

447 4343 503 4411 vbi
522 4357 654 4430 propter
674 4343 887 4431 frequentiam
900 4345 1103 4434 planetarum
1123 4352 1158 4414 iu
1184 4359 1228 4432 V,
1243 4349 1357 4417 Moero
1379 4355 1522 4440 sequitur
1536 4352 1711 4439 planetam,
1735 4362 1830 4440 atque
1850 4347 1997 4436 planetae
2011 4353 2048 4411 e'o
2068 4365 2153 4412 sesa
2179 4353 2316 4420 ordine

449 4463 625 4546 excipiunt,
646 4485 709 4549 quo
732 4462 773 4528 ab
793 4465 885 4529 initio
906 4463 1000 4552 Signi
1020 4464 1095 4532 iude
1116 4479 1334 4552 apparuerunt
1355 4468 1477 4556 (mleg.
1493 4469 1565 4554 X.).

1161 4671 1195 4740 Θ
1220 4655 1261 4726 t’tt
1286 4675 1326 4736 tr
1349 4655 1410 4729 IX
1412 4681 1423 4748 ;
1449 4657 1482 4730 J
1485 4683 1496 4749 ;
1518 4657 1565 4732 E.

529 4779 581 4848 De
602 4785 638 4857 Θ
661 4779 722 4844 boc
752 4794 792 4855 ir
819 4786 854 4847 in
880 4783 980 4869 Signo
1009 4784 1111 4850 tribus
1139 4783 1204 4852 illis
1226 4786 1306 4853 locis
1335 4791 1506 4854 constituto
1535 4790 1615 4856 satio
1643 4787 1773 4856 dictum.
1816 4785 1986 4874 Ingeniosa
2015 4803 2106 4851 vero
2138 4785 2250 4863 loom
2283 4809 2321 4881 Θ

444 4897 561 4964 ibidem
583 4899 764 4964 accuratius
784 4897 946 4963 delinitur.
977 4899 1138 4968 Nimirum
1162 4908 1199 4981 Θ
1222 4903 1426 4972 simulacrum
1447 4920 1559 4972 taurus
1580 4905 1709 4974 Mneuis
1733 4904 1811 4988 (lX.
1824 4902 1869 4990 g.)
1889 4921 1956 4965 non
1978 4902 2069 4965 inter
2093 4903 2264 4998 rehqucs
2288 4925 2320 4981 V

443 5015 588 5078 dominns
605 5017 729 5101 positus
750 5018 907 5092 cernitur,
933 5035 987 5094 vt,
1017 5035 1157 5108 excepta
1178 5025 1225 5103 Ii,
1249 5025 1282 5088 in
1304 5022 1436 5112 reliquis
1457 5021 1598 5110 planetis
1622 5021 1818 5088 collocandis
1839 5018 2052 5086 obseruatum
2078 5037 2164 5106 cst,
2200 5032 2267 5100 sed
2288 5037 2322 5100 in

441 5130 507 5196 alto
530 5149 567 5196 ae
588 5153 713 5197 summo
733 5133 829 5200 buius
847 5135 949 5224 Signi.
991 5134 1136 5202 Altitudo
1158 5161 1249 5220 vero,
1271 5143 1342 5205 siue
1365 5140 1532 5227 Hypsoma
1558 5148 1590 5202 v
1610 5153 1662 5206 est
1683 5138 1803 5225 gradus
1827 5143 1901 5204 190.
1943 5134 2033 5198 Sane
2061 5135 2260 5236 Aegyptii,
2287 5169 2323 5218 ve

438 5249 471 5311 in
485 5245 623 5312 Zotbaos
640 5245 840 5332 Tentyritae
862 5252 1012 5334 vidimus,
1025 5250 1270 5324 musarum
1288 5261 1523 5324 auunculo·
1541 5259 1766 5337 lum
1787 5273 1891 5342 qm
1910 5259 1950 5330 Θ
1967 5269 2074 5321 ss
2097 5263 2247 5337 'finus
2259 5291 2322 5338 suo
