4958 6092
991 429 1301 508 ...9-

230 619 403 686 relationes
423 615 658 706 n'guificautur.
703 615 826 682 Omnes
849 617 934 682 enim
955 629 1080 701 gentes,
1101 640 1184 704 quea
1206 618 1247 686 de
1269 617 1367 684 rebus
1385 616 1606 680 asuouomicis
1629 618 1836 704 scripserunt,
1855 619 2055 694 nimmtsrss

230 734 384 822 quosdam
410 739 649 822 excogitarunt,
671 731 786 820 quibus
808 755 879 799 cum
902 732 1060 820 planetas,
1083 746 1151 799 tum
1169 735 1299 806 Zodieei
1321 745 1430 819 partes
1450 729 1679 818 significarent.
1722 735 1813 800 Haec
1833 749 1941 804 autem
1962 745 2056 828 signa
2113 803 2115 806 ,

229 853 442 938 asuopomica
461 865 537 918 sunt
562 865 618 920 aut
635 849 818 936 phonetica,
841 861 897 913 aut
918 848 1104 934 symbolica.
1146 852 1321 918 Phonetica
1341 869 1452 915 rursus
1466 850 1500 913 in
1516 849 1578 914 duo
1598 871 1718 935 genera
1739 850 1935 938 diuiduntur,
1957 879 2055 943 qnam

227 971 359 1034 numius
380 971 596 1037 astronomica
622 967 687 1034 alis
708 969 773 1031 sint
791 967 940 1052 propris,
965 965 1031 1031 elia
1048 967 1242 1052 impropria,
1265 965 1368 1032 veluti
1389 966 1589 1050 cognomine.
1631 963 1686 1030 Sic
1709 987 1767 1032 nos
1787 966 1925 1036 Veneris
1944 974 2056 1060 plane-

227 1095 293 1150 tam
315 1084 450 1148 dicimus
470 1083 633 1152 Venerem
654 1084 801 1170 proprie,
825 1081 1000 1168 improprie
1020 1082 1202 1168 Hesperum
1225 1098 1281 1151 aut
1301 1082 1498 1148 Lucilernm.
1541 1080 1624 1145 hem
1645 1080 1710 1146 alia
1732 1084 1861 1148 nomina
1890 1090 2056 1177 ruinaque

228 1202 356 1284 generis
372 1199 530 1267 habemus
544 1223 604 1286 pro
626 1201 757 1287 reliquis
774 1197 914 1285 planetis
936 1197 1145 1285 partibusque
1157 1200 1300 1266 zodiaci.
1342 1196 1436 1274 Quod
1453 1194 1651 1278 symbolicen
1670 1203 1915 1268 astronomicam
1929 1209 2055 1292 attinet,

228 1317 347 1378 utimur
367 1316 409 1380 ad
431 1315 658 1403 significandos
680 1315 839 1402 planetas,
860 1326 897 1378 vt
916 1316 948 1380 in
970 1313 1087 1401 vulgus
1108 1331 1245 1400 constat,
1268 1316 1319 1381 his
1340 1317 1458 1402 siguis:

767 1501 802 1572 Θ
829 1489 890 1556 Sat
1367 1491 1393 1572 3
1427 1489 1532 1556 Terra

770 1619 797 1689 p
824 1607 924 1673 Luna
1178 1611 1183 1618 '
1361 1612 1397 1684 t?
1420 1605 1519 1672 Mars

769 1731 792 1811 β
821 1725 1012 1791 Mercurius
1367 1722 1552 1808 ntapaer

617 1831 629 1858 ⁴
768 1841 928 1930 2·Venar
1369 1843 1393 1926 i)
1424 1839 1599 1906 Saturast.

316 2023 378 2104 Pro
397 2027 565 2092 duodecim
588 2046 666 2092 vera
688 2021 819 2090 Zodiaci
837 2024 938 2109 agnis
961 2021 1041 2089 haec
1061 2021 1217 2090 habemus
1235 2021 1401 2108 symbols:

766 2217 804 2275 γ·
831 2201 930 2266 Arr'er
1369 2212 1410 2268 ὲ
1436 2194 1541 2260 Libra

771 2329 802 2399 Β
838 2315 966 2382 Taurus
1368 2325 1402 2392 til
1431 2311 1568 2397 Scorpio

762 2445 803 2511 [1
829 2432 959 2498 Gemini
1370 2441 1401 2508 φ
1429 2430 1637 2514 Sagittarius

767 2559 806 2632 5
832 2549 959 2615 Cancer
1375 2555 1404 2628 z
1434 2545 1656 2628 Capricornus

1370 2683 1414 2728 ια
1437 2663 1605 2744 Aquarius

1370 2783 1399 2853 Χ
1428 2777 1550 2842 Ptrccr.

311 2965 482 3046 l'tqete'rea
506 2970 534 3036 <t
555 2989 616 3053 pro
640 2968 876 3046 coniunctione,
907 2967 1018 3048 ἅμα
1040 2954 1263 3039 oppositione,
1291 2957 1405 3040 Apro
1428 2958 1579 3042 adspectu
1603 2958 1811 3043 triangulari,
1848 2965 1886 3042 Π
1913 2985 1971 3048 pro
2003 2968 2061 3032 ad.

228 3093 341 3166 spectu
364 3081 541 3166 quadrato,
577 3094 612 3160 qq.
633 3102 693 3166 pro
716 3081 868 3165 adspectu
897 3069 1108 3160 ,exungulari
1135 3072 1267 3156 eiusque
1295 3075 1423 3157 generis
1448 3073 1514 3138 alia
1541 3073 1694 3140 nonnulla
1724 3076 1807 3162 apud
1837 3091 1997 3147 nostrates
2027 3086 2059 3146 in

228 3216 291 3260 ssu
312 3209 399 3261 snut.

314 3339 412 3416 Quod
432 3361 510 3406 vero
529 3341 621 3429 leges
643 3342 844 3428 exprimendi
866 3341 938 3406 loca
959 3338 1159 3425 planetarum
1183 3337 1316 3417 attinet,
1337 3339 1370 3402 iu
1392 3362 1432 3405 eo
1456 3362 1514 3409 nos
1536 3338 1762 3424 simplicissimi
1784 3364 1906 3410 sumus.
1951 3346 2061 3424 Quum

229 3459 317 3523 euim
329 3457 559 3541 coniungimur
578 3461 679 3525 veluti
693 3462 773 3526 haec
794 3455 954 3544 symbola:
975 3463 1010 3533 Θ
1033 3469 1072 3528 γ
1100 3460 1159 3520 100
1184 3453 1238 3518 20‘
1260 3453 1327 3519 30¹¹
1348 3463 1380 3538 4,
1404 3471 1460 3522 ant
1482 3467 1516 3534 Θ
1539 3461 1574 3521 0⁴
1597 3462 1656 3520 100
1680 3457 1734 3520 20¹
1756 3459 1821 3522 30“
1841 3467 1873 3542 4,
1896 3484 1934 3526 eo
1961 3467 2062 3551 signi·

228 3573 375 3653 ficamus,
398 3571 508 3637 Solem
529 3597 600 3642 esse
619 3579 651 3640 in
673 3575 796 3658 Ariete,
821 3575 891 3640 siue
916 3577 950 3638 in
973 3575 1076 3659 primo
1096 3569 1228 3638 zodiaci
1249 3573 1360 3659 signo,
1382 3574 1486 3666 gradu
1506 3575 1646 3654 decimo,
1666 3575 1789 3638 minute
1812 3578 1988 3661 vigesima,
2011 3601 2062 3646 re·

232 3691 334 3755 cunda
358 3691 519 3756 tricesima
542 3715 615 3758 cum
645 3691 776 3757 decimis
803 3704 963 3780 quatuor:
996 3688 1103 3766 Quum
1124 3710 1204 3753 vero
1225 3687 1429 3756 indicandum
1454 3690 1629 3771 habemus,
1653 3688 1753 3754 veluti
1778 3689 1886 3758 Solem
1909 3716 1982 3759 cum
2003 3697 2063 3762 Sa·

233 3825 327 3873 turno
358 3809 391 3870 in
413 3807 566 3894 adspecta
590 3807 760 3897 trigonali,
791 3808 843 3874 vel
865 3808 1040 3895 quadrato,
1069 3805 1122 3872 vel
1151 3809 1184 3870 in
1207 3808 1409 3890 oppositione
1432 3829 1519 3890 esse,
1549 3808 1582 3872 id
1609 3810 1654 3872 sic
1675 3811 1902 3893 exprimimus:
1924 3815 1957 3878 Δ
1970 3815 2006 3890 Θ
2020 3815 2062 3898 t),

239 3924 383 4006 Uet,
406 3925 522 4006 teo.

319 4087 388 4151 Iam
410 4109 489 4153 vero
519 4109 591 4154 cum
619 4090 659 4155 de
685 4091 883 4156 astronomia
904 4087 1105 4175 Aegyptiace
1128 4101 1262 4176 agetur,
1296 4091 1477 4173 quaeritur,
1511 4090 1627 4177 quibus
1648 4091 1748 4177 signis
1772 4105 1804 4154 et
1832 4089 2010 4175 phanaticis
2031 4109 2064 4158 et

234 4203 418 4288 symbolicis
433 4204 585 4292 Aegyptii
599 4221 670 4288 tum,
687 4206 848 4293 planetas,
870 4219 936 4270 tum
959 4203 1090 4272 zodiaci
1111 4216 1219 4290 partes
1242 4208 1474 4290 expresserint,
1495 4222 1528 4271 et
1548 4226 1686 4294 quonam
1706 4205 1801 4270 medo
1821 4205 1894 4272 locs
1918 4209 2063 4296 planeta-

235 4342 305 4385 rum
326 4320 591 4410 significauerint,
613 4325 774 4409 variisque
795 4324 862 4386 suis
878 4322 911 4386 in
933 4322 1147 4386 monumentis
1166 4334 1240 4386 ante
1257 4319 1370 4386 oculos
1384 4326 1560 4408 posuerint.
1591 4321 1664 4399 Quo
1680 4321 1808 4408 quidem
1823 4326 1856 4388 in
1873 4346 2064 4412 argumento

235 4438 402 4502 tractando
428 4441 474 4503 its
499 4438 593 4504 nobis
623 4439 814 4504 versandum
838 4439 917 4520 erit,
951 4450 988 4504 rt
1018 4451 1093 4502 ante
1117 4441 1225 4503 omnia
1248 4451 1376 4502 veteres
1405 4441 1580 4504 audiemus.
1625 4437 1731 4504 Omne
1753 4443 1838 4506 enim
1865 4446 2065 4531 antiquitatis

236 4550 374 4618 studium
397 4557 522 4639 optime
542 4558 656 4642 incipit
679 4579 699 4620 n
719 4569 866 4621 veterum
891 4557 1092 4620 testimoniis.
1135 4555 1285 4637 Veteres,
1307 4569 1344 4620 rt
1365 4556 1444 4621 nihil
1467 4558 1537 4621 iere
1558 4571 1737 4622 memoratu
1760 4557 1892 4646 dignum
1910 4564 2064 4629 intactum

237 4665 435 4754 reliquerunt
454 4686 488 4737 et
508 4671 637 4738 silentio
659 4676 911 4758 praeterierunt,
945 4674 992 4737 ita
1014 4672 1109 4739 etde
1131 4677 1257 4739 ratione
1280 4678 1494 4740 mnonomiae
1517 4673 1734 4762 Aegyptiacae
1755 4691 1821 4742 tam
1843 4678 1944 4743 multe
1967 4683 2065 4746 tredi-

238 4783 367 4866 dernnt,
397 4799 434 4850 vt
463 4765 509 4852 ad
526 4790 645 4872 scripta
666 4788 761 4854 nutas
786 4791 925 4854 nationis
946 4793 1162 4858 astronomica
1184 4791 1395 4878 intelligenda
1417 4805 1451 4857 et
1473 4790 1667 4878 explicanda
1689 4791 1770 4858 nihil
1791 4793 1860 4858 lere
1884 4795 1923 4858 de
1948 4804 2066 4864 nostris
2100 4787 2103 4800 ’
2151 4803 2157 4810 ’

239 4897 367 4982 addere,
384 4901 438 4968 vel
458 4905 640 4970 coniectura
662 4908 790 4991 assequi
810 4905 992 4971 debeamus.
1026 4907 1143 4994 ltaque
1163 4906 1355 4975 habebimus
1375 4909 1625 4996 disputationem
1647 4895 1921 4996 quadripertitam.
1957 4915 2065 4983 Primo
2104 4892 2108 4909 ’

237 5013 368 5102 quidem
394 5018 567 5086 videndum
595 5019 687 5086 nobis
710 5023 789 5104 erit,
816 5022 933 5108 partim
951 5035 1028 5109 quot
1050 5035 1083 5086 et
1108 5026 1238 5109 quinam
1255 5025 1376 5092 luerint
1394 5025 1627 5113 Aegyptiorum
1651 5024 1819 5112 planetae,
1848 5032 1966 5116 partim
1988 5048 2066 5118 quot

238 5147 272 5196 et
295 5152 451 5216 quasnam
471 5150 579 5222 partes
608 5136 656 5202 illi
677 5137 811 5204 fecerint
829 5135 980 5220 zodiaci,
1008 5139 1042 5203 in
1061 5159 1125 5225 quo
1152 5156 1302 5212 versatur
1330 5146 1526 5213 muonomia
1556 5158 1704 5306 vstelqnm
1727 5142 1963 5212 mathematice.
2005 5146 2067 5210 His
