4882 6098
903 503 1270 587 -345—

153 699 257 786 signa
278 693 440 762 ahsonsrn
463 703 562 760 esset.
602 689 758 780 Alioquin
781 692 877 760 Aries
897 697 1025 760 veniret
1045 696 1079 762 in
1101 708 1161 776 att,
1192 695 1386 784 Sagittarius
1407 703 1441 768 in
1467 714 1531 786 st,
1561 704 1631 772 Leo
1662 710 1695 774 in
1719 717 1777 792 113
1806 715 1891 799 quod
1913 737 2000 788 vetat

152 813 359 902 analogiae
377 814 531 900 antiquae
556 813 651 877 ratio.
701 810 836 880 Minime
865 813 950 878 enim
978 816 1065 880 aries
1095 817 1121 894 ij
1149 815 1357 902 (1111111
1383 818 1469 904 (Π),
1499 841 1591 888 arma
1621 813 1748 914 2''(¹..¹·)
1778 829 2000 905 adscribuntur

153 949 250 1023 noque
268 931 368 1020 plane
388 931 587 996 contrarium
606 943 657 998 est
680 929 770 995 omni
789 942 936 996 veterum
956 930 1180 1018 philosophiae
1201 945 1234 998 et
1255 933 1473 1023 astrologiae,
1498 939 1680 1008 adscribere
1700 940 1839 1030 planetis
1860 952 1998 1040 singulis

153 1051 310 1120 animalia
326 1050 472 1136 eliasque
490 1069 546 1113 res
567 1045 608 1114 ab
630 1049 775 1135 ipsorum
795 1059 911 1114 datare
933 1047 1028 1136 plane
1050 1048 1184 1116 alienas.
1226 1050 1295 1116 lam
1318 1073 1362 1117 ex
1382 1052 1434 1119 his
1453 1055 1611 1142 omnibns,
1636 1083 1734 1146 quum
1754 1085 1798 1128 ex
1821 1069 1996 1160 astrologia

152 1181 365 1259 cognoscetur
387 1169 480 1253 origo
500 1165 633 1232 zodiaci
648 1167 761 1249 nostri,
783 1165 985 1254 intelligitur,
1009 1187 1073 1253 quo
1088 1179 1232 1254 tempore
1246 1168 1405 1234 zodiacus
1424 1187 1513 1240 ortus
1529 1177 1580 1241 sit.
1623 1176 1718 1243 Patet
1739 1183 1837 1266 enim,
1856 1207 1929 1252 eum
1953 1211 1993 1256 eo

153 1303 298 1376 tempore
319 1297 427 1352 ortum
448 1303 539 1365 esse,
567 1305 631 1371 qno
653 1293 806 1370 punctum
832 1282 1068 1372 aequinoctialo
1096 1305 1230 1350 vernum
1256 1299 1342 1350 esset
1360 1309 1462 1375 prope
1488 1292 1616 1370 stellam
1643 1301 1675 1376 8
1703 1295 1992 1382 splendidissimam

145 1405 353 1484 'Aldehsran3
375 1403 502 1468 isitium
523 1404 559 1478 )(
578 1421 657 1468 vero
672 1415 835 1468 constaret
849 1403 1012 1488 primariis
1029 1413 1067 1474 Υ
1087 1401 1199 1468 stellis.
1238 1401 1322 1468 Cum
1343 1409 1494 1488 geritur
1508 1410 1621 1490 Orien,
1635 1415 1807 1500 praecipue
1827 1419 1990 1507 cingulum

153 1546 223 1590 com
244 1521 342 1588 stelle
362 1526 397 1602 β.
440 1519 498 1584 Sin
524 1517 594 1584 vlla
615 1517 698 1586 oceli
717 1541 794 1607 pars
814 1518 1026 1585 conueniebat
1046 1523 1205 1607 principio
1230 1533 1263 1585 et
1284 1523 1381 1609 capiti
1400 1523 1550 1608 zodiaci,
1582 1529 1663 1594 haec
1683 1544 1753 1596 erat
1776 1535 1989 1624 constellatio,

152 1645 297 1709 omnium
323 1634 580 1724 splendidissima
607 1635 785 1726 habituque
805 1639 950 1712 manime
974 1636 1141 1724 singulari.
1183 1637 1269 1704 Hinc
1293 1661 1370 1706 vero
1392 1642 1571 1731 colligitur,
1600 1661 1719 1732 puncta
1742 1653 1989 1736 aequinoctialia

152 1759 193 1826 ah
215 1782 257 1825 eo
284 1756 361 1822 inde
383 1768 543 1840 ternpore,
565 1754 809 1839 qao-zodiacus
828 1767 917 1820 ortus
939 1757 999 1836 sit,
1022 1758 1195 1820 recessisse
1216 1761 1291 1822 740.
1336 1756 1527 1825 Tenendum
1549 1765 1645 1842 enim,
1665 1767 1759 1831 initio
1781 1767 1934 1836 animalia
1952 1777 1988 1840 in

151 1876 296 1942 zodiaco
315 1875 360 1936 ite
379 1871 535 1957 disposita
549 1872 661 1954 inisse,
683 1885 723 1938 vt
737 1873 875 1964 quadrais
889 1871 1024 1958 Signum
1039 1883 1129 1936 certo
1147 1871 1305 1958 planetae·
1318 1879 1483 1963 proprium
1502 1879 1536 1942 id
1550 1881 1670 1946 animal
1691 1887 1879 1971 contineret,
1902 1891 1988 1977 quod

150 2016 212 2081 per
234 2005 380 2059 astaram
401 2009 494 2053 suam
514 1999 549 2052 et
575 1988 816 2075 philosophiam
837 2007 1036 2054 communem
1059 1991 1089 2054 ei
1110 1991 1173 2076 ipsi
1194 1989 1344 2077 planetae
1371 2014 1409 2058 ac
1433 1993 1573 2061 llomino
1596 1994 1719 2064 Domus
1740 2001 1889 2070 coelestis
1910 2030 1988 2076 con·

152 2113 290 2178 veniret.
331 2107 401 2173 lem
421 2107 627 2193 aequinoctia
647 2108 802 2172 secedunt
830 2111 890 2172 14ο
914 2119 989 2192 post
1013 2109 1097 2172 1312
1125 2127 1248 2186 annos,
1275 2122 1373 2197 atque
1397 2111 1529 2177 tetidem
1552 2133 1667 2200 reapse
1691 2120 1766 2182 anni
1787 2117 1889 2206 elapsi
1911 2142 1986 2194 sunt

152 2251 175 2295 s
193 2226 328 2293 Dilnuio
347 2223 390 2289 sd
411 2223 496 2288 hunc
517 2223 613 2307 diem,
638 2243 736 2311 quom
757 2225 920 2312 sequimur
939 2223 1138 2311 Scriptorum
1160 2223 1290 2290 Sacram
1313 2239 1407 2314 atque
1431 2229 1585 2315 epocham
1607 2231 1763 2317 Euodus,
1785 2235 1987 2310 obseruatio·

150 2346 246 2426 nibus
265 2345 385 2410 nostris
407 2342 638 2428 antiquissimis
660 2331 797 2408 erutam.
840 2341 991 2407 Vidimus
1011 2341 1107 2424 enim,
1130 2337 1245 2408 Mosen
1265 2347 1447 2410 excessisse
1459 2345 1643 2434 Aegyptum
1667 2371 1751 2418 anno
1770 2357 1854 2422 1908
1877 2381 1906 2425 a.
1925 2359 1985 2428 Ch.

150 2480 246 2554 atque
268 2485 288 2528 s
310 2460 446 2530 Diluuio
468 2459 512 2524 ad
530 2455 645 2524 Mosen
671 2461 747 2524 anni
767 2472 976 2542 numerantur
1002 2463 1106 2540 1574,
1137 2461 1191 2546 qui
1214 2479 1286 2524 cnm
1306 2461 1542 2548 superioribus,
1574 2465 1684 2530 addita
1706 2489 1781 2534 aera
1801 2471 1987 2546 Christiana

148 2585 276 2670 (1881),
298 2577 442 2646 alliciant
461 2579 546 2642 5312
568 2597 680 2642 annm.
722 2577 838 2663 ltaque
858 2576 918 2642 has
939 2573 980 2642 oh
1005 2595 1119 2642 causas
1139 2579 1253 2663 negari
1272 2579 1402 2665 nequit,
1424 2577 1596 2646 zodiacum
1619 2597 1764 2649 nostrum
1786 2599 1891 2654 ortum
1914 2615 1986 2658 ease

77 2683 81 2689 ⁵
152 2701 359 2768 ussaunein
386 2707 463 2760 ante
492 2693 578 2758 hono
605 2693 701 2759 diens.
744 2691 852 2770 Quum
881 2697 971 2780 prius
993 2694 1161 2774 statueris,
1189 2695 1425 2760 contradixeris
1450 2697 1567 2761 rationi
1587 2697 1718 2764 zodiaci
1746 2708 1846 2768 nostri
1870 2720 1903 2771 et
1925 2713 1985 2775 toti

148 2835 296 2912 vsperum
317 2813 494 2901 religionis
522 2809 579 2875 Sia
603 2808 700 2874 alicui
721 2811 869 2876 videatur
886 2815 972 2876 insto
995 2809 1147 2877 audacius
1170 2823 1323 2893 statuere,
1345 2811 1530 2894 zodiacum,
1557 2833 1630 2878 cum
1651 2817 1799 2899 oriretur,
1820 2823 1984 2910 inceptum

145 2939 248 3020 111111
271 2957 291 2998 a
318 2932 420 3019 gradu
441 2937 485 2994 14
504 2925 619 3008 Tauri,
640 2929 710 2991 sine
733 2927 865 2994 Orionis
885 2937 929 3012 βς
951 2929 1012 2994 hoc
1033 2926 1147 2993 saltem
1169 2927 1417 3011 concedendurn,
1440 2928 1568 2994 stellam
1592 2946 1631 3004 γ
1645 2957 1665 2994 α
1688 2938 1863 3024 antiquitus
1882 2940 1983 3010 luisse

145 3057 278 3122 {ulfiam
299 3051 401 3135 Signi,
424 3049 484 3113 cui
501 3052 727 3132 2t.praeesset
749 3045 834 3131 ()(),
861 3059 957 3132 atque
980 3052 1042 3125 8⁰
1063 3045 1190 3110 initium
1212 3044 1361 3120 zodiaci3
1391 3067 1473 3133 quae
1495 3045 1610 3113 stellae
1629 3053 1690 3116 65ο
1713 3051 1767 3118 vel
1789 3059 1851 3119 66ο
1878 3081 1982 3126 reces-

145 3183 266 3240 serunt
284 3189 369 3233 nnnc
388 3164 505 3230 alosis
523 3165 590 3228 suis
611 3163 771 3249 genuinis.
813 3163 899 3228 Hinc
919 3163 953 3228 id
972 3161 1086 3228 saltem
1106 3174 1305 3250 sequeretur,
1322 3161 1496 3228 zodiacum
1517 3169 1581 3230 600
1606 3169 1698 3232 annis
1718 3181 1794 3255 post
1814 3171 1982 3245 Dilnniuns

148 3285 348 3358 snimsdlhns
368 3281 633 3371 apotelesmaticis
656 3282 845 3346 instructum
867 3281 978 3345 luisse.
1022 3279 1136 3367 ltaque
1155 3278 1208 3344 his
1229 3283 1271 3354 eit
1292 3299 1413 3363 annus,
1443 3303 1506 3367 quo
1527 3305 1630 3370 genus
1649 3284 1824 3354 humanum
1845 3291 1983 3361 idolola-

144 3409 302 3474 etiamst
322 3379 529 3486 astrologiam
551 3399 741 3482 susceperit.
784 3395 924 3463 Centum
946 3399 1031 3462 enim
1056 3399 1148 3463 annis
1172 3407 1247 3482 post
1272 3398 1376 3482 prima
1395 3399 1548 3483 periodus
1569 3401 1702 3468 Sothica
1722 3407 1860 3494 incepit,
1892 3415 1983 3478 cuius

143 3521 377 3611 longitudines
398 3520 527 3584 initium
547 3519 613 3581 iam
634 3527 712 3578 nota
734 3529 826 3580 erant
846 3527 913 3580 turn
936 3516 1099 3602 temporis.
1142 3514 1217 3579 Huc
1237 3514 1315 3579 iacit
1336 3537 1463 3602 quoque
1484 3517 1670 3585 Herodotus
1694 3521 1753 3607 (ll.
1769 3529 1857 3610 43.),
1884 3550 1981 3613 quum

144 3643 246 3723 dicit,
270 3637 424 3724 (circiter)
450 3638 555 3702 17006
577 3633 673 3694 annis
689 3644 763 3696 ante
785 3631 920 3698 Amasin
942 3635 1041 3719 (1908
1066 3655 1095 3696 a.
1118 3629 1195 3716 Ch.)
1217 3634 1374 3717 prodiisse
1395 3633 1474 3700 ΧΗ.
1498 3634 1589 3700 Deos
1611 3640 1751 3702 maiorm
1773 3642 1829 3724 (¹2
1851 3641 1982 3710 zodiaci
2052 3633 2056 3642 ⁵

143 3758 266 3846 Signa)
287 3775 332 3820 ex
351 3753 446 3820 Vlll.
470 3747 599 3818 Cahiris
620 3746 775 3832 (planetis
798 3771 870 3817 cam
891 3751 941 3836 3).
984 3747 1263 3826 Quemadmodum
1290 3753 1374 3816 enim
1397 3747 1580 3814 Herodotus
1601 3766 1784 3818 constanter
1812 3759 1922 3824 timide
1948 3775 1982 3828 et
2115 3783 2120 3790 '

140 3875 303 3962 implicite
327 3871 475 3953 tradidit,
495 3891 579 3956 qnae
600 3891 645 3932 ex
666 3871 828 3953 mysteriis
849 3879 974 3942 essent3
1003 3869 1050 3931 ita
1078 3879 1111 3932 et
1133 3867 1185 3932 hic
1206 3888 1265 3953 pro
1287 3869 1378 3929 annis
1400 3867 1433 3927 in
1456 3879 1563 3929 mente
1584 3865 1698 3935 hahuit
1717 3876 1824 3938 17000
1843 3897 1981 3963 menses,

141 3990 436 4082 quindenatii?
459 4005 573 4054 annos.
616 3985 692 4073 lpse
712 3986 799 4052 enirn
814 3985 894 4051 alias
915 3999 1051 4052 nouerat
1075 4005 1120 4050 err
1141 3983 1453 4069 oreAegyptiorum,
1471 3984 1610 4068 primum
1631 4001 1704 4073 post
1725 3989 1881 4057 diluuium
1905 4017 1981 4083 reg·

144 4131 245 4179 nasse
270 4109 413 4184 hiessen,
443 4119 540 4192 atque
561 4125 581 4168 a
601 4103 699 4170 Mene
721 4104 762 4168 ad
783 4102 916 4168 Amasin
937 4107 1023 4168 3000
1046 4122 1146 4168 annos
1169 4109 1387 4166 numerarunt.
1431 4095 1559 4185 Quare,
1591 4127 1687 4191 quum
1710 4107 1896 4174 Herodotus
1917 4131 1980 4175 non

148 4233 257 4296 17000
275 4243 407 4291 menses
424 4225 459 4288 la
480 4236 589 4290 mente
604 4221 782 4303 habuisset,
805 4222 874 4306 ipse
897 4218 958 4284 sihi
977 4219 1240 4284 contradixisset.
1280 4215 1434 4281 Similiter
1453 4216 1614 4284 Diodorus
1636 4223 1707 4305 (111.
1722 4248 1754 4311 p.
1769 4227 1837 4310 83.)
1859 4241 1981 4312 narrat,

145 4343 333 4411 Chaldaeos
355 4342 448 4406 anais
467 4347 597 4408 173000
618 4355 694 4406 ante
712 4338 937 4406 Alexandrum
953 4337 1184 4400 astronomiam
1205 4337 1271 4400 iam
1292 4332 1448 4410 eoluisse;
1470 4339 1525 4422 qni
1546 4359 1698 4404 numerus
1720 4341 1881 4429 significat
1902 4345 1981 4430 dies,

143 4481 253 4552 quum
271 4459 452 4546 Simpliciss
474 4457 532 4548 (ll.
546 4481 579 4547 p.
593 4459 685 4542 123.)
713 4457 831 4521 diserte
859 4453 1096 4540 antiquissimas
1125 4451 1367 4520 obseruationes
1395 4454 1436 4519 ad
1464 4474 1580 4519 annum
1611 4459 1826 4526 11531011.
1850 4463 1983 4529 reserat.

149 4577 276 4666 Vtique
296 4581 413 4644 mensis
441 4590 480 4642 et
505 4578 574 4642 dies
600 4578 668 4660 typi
694 4587 769 4639 sont
790 4576 876 4638 anni.
918 4567 1007 4658 Ergo
1029 4593 1075 4638 ex
1103 4575 1264 4639 sententia
1290 4573 1449 4638 Herodoti
1472 4570 1631 4639 zothecus
1660 4588 1750 4640 ortus
1779 4591 1829 4643 est
1857 4583 1983 4647 circiter

40 4688 43 4696 ’
141 4699 237 4764 5156
258 4697 351 4761 sanis
370 4707 446 4760 ante
464 4695 560 4778 hone,
579 4691 632 4758 vel
655 4695 717 4756 156
734 4689 826 4755 annis
842 4703 917 4776 post
938 4689 1113 4756 Dilaninm.
1156 4689 1247 4756 Haec
1269 4703 1376 4754 autem
1392 4687 1514 4775 epocha
1536 4689 1617 4754 adeo
1639 4696 1814 4779 respondet
1836 4700 1876 4780 ei,
1900 4722 1984 4786 quae

140 4835 197 4880 ex
210 4833 339 4878 secessu
350 4823 544 4898 punctorum
557 4805 837 4898 aequinoctialium
851 4812 1013 4896 aequitum
1027 4821 1063 4872 vt
1077 4810 1237 4873 sententia
1251 4817 1363 4872 nostra
1378 4803 1514 4870 multum
1527 4807 1601 4874 inde
1615 4807 1852 4900 prqhahilitatis
1867 4817 1983 4887 trahat.

143 4922 305 4996 Ceterum
334 4949 496 4996 1111111111
522 4939 712 5015 punctorum
734 4925 1014 5012 aequinoctialium
1038 4945 1102 4988 non
1124 4921 1169 4988 ab
1186 4921 1374 5011 Hipparcho
1402 4922 1530 4989 demum
1558 4929 1725 4994 inuentum
1746 4930 1865 5016 inisse,
1893 4935 1984 5023 ipsae

137 5049 375 5134 inscriptiones
396 5059 526 5112 sostrse
546 5047 755 5134 antiquiores,
777 5056 813 5109 vt
835 5041 984 5123 vidimus,
1007 5051 1175 5106 testantur.

237 5162 311 5250 lpse
331 5162 508 5244 Maneths,
537 5185 634 5250 quum
659 5165 755 5251 primi
776 5179 871 5247 reges
893 5156 934 5223 eh
955 5179 994 5224 eo
1016 5158 1186 5224 memorati
1207 5157 1273 5222 1111
1293 5155 1444 5244 planetae
1467 5161 1514 5246 (p.
1535 5161 1623 5244 83.),
1655 5161 1824 5233 confirmat
1846 5167 1985 5233 amntem
2097 5165 2105 5184 ⁸

135 5281 286 5356 Dilumi.
330 5279 447 5346 'l'redit
469 5283 574 5363 enim,
593 5281 811 5365 dynastiamm
834 5277 931 5345 XVI.
952 5277 1128 5364 primarum
1149 5289 1295 5360 ternpore
1314 5297 1468 5362 regnasse
1488 5275 1590 5444 lppcs.
1632 5279 1721 5370 Ergo
1742 5285 1848 5353 innuit
1869 5283 1986 5396 indpe

1413 5437 1416 5442 ,
1547 5402 1573 5445 x
