4904 6100
1030 1594 1066 1704 l·
1102 1603 1204 1697 Ιη-

771 1729 1394 1822 introductio

176 2099 387 2218 Quamquam
408 2137 519 2208 nostre
542 2123 581 2188 de
611 2128 806 2193 astronomia
826 2128 1061 2216 Aegyptiorum
1083 2128 1296 2194 dissertatio'
1287 2149 1354 2194 reru
1375 2151 1414 2195 eo
1435 2136 1610 2217 processit,
1640 2149 1676 2200 vt
1696 2138 1853 2219 sciamus,
1884 2143 1999 2225 partim

172 2257 250 2331 quot
267 2238 451 2330 qualesque
459 2241 608 2330 planetas
622 2242 774 2332 Aegyptii
798 2248 957 2328 nouerint,
980 2261 1013 2312 et
1034 2259 1114 2335 quot
1135 2244 1309 2334 qualesque
1326 2245 1458 2314 Zodiaoi
1477 2251 1670 2337 partitiones
1691 2252 1899 2334 habuerint,
1890 2277 1923 2320 m
1938 2276 2000 2342 quo

169 2375 318 2426 versatur
338 2363 536 2425 astronomia
556 2360 790 2446 Aegyptiorum
818 2362 1060 2439 mathematioa3
1087 2365 1204 2450 partim
1225 2385 1304 2428 vero
1327 2366 1424 2430 etiam
1446 2367 1561 2453 quibus
1582 2367 1737 2453 symbolis
1758 2370 1838 2436 haec
1860 2375 1948 2437 natio
1971 2385 2005 2437 et

168 2477 333 2564 planetas,
363 2489 395 2540 et
416 2479 510 2541 varia
527 2476 659 2543 Zodiaci
680 2476 752 2541 loca
776 2483 993 2565 expresserit,
1020 2483 1054 2544 in
1075 2503 1139 2566 quo
1156 2493 1305 2546 versatur
1322 2479 1499 2566 symbolice
1520 2484 1751 2572 Aegypu'orum
1773 2491 2003 2556 astronomiae:

171 2593 313 2658 nondum
332 2607 439 2659 tamen
460 2597 525 2659 ianr
546 2615 585 2658 eo
605 2596 830 2680 parueuimus,
852 2609 889 2661 ιι
910 2600 1030 2684 scripta
1051 2596 1147 2662 huius
1166 2601 1306 2664 nationis
1327 2601 1559 2682 astronomica,
1590 2602 1674 2686 quod
1691 2598 1784 2664 nobis
1804 2605 2004 2693 propositum

169 2723 238 2792 est,
264 2711 412 2778 nimbum
435 2711 679 2778 obseruationes
709 2716 960 2796 ιιιιιοιιιιιιὶιιιι,
990 2715 1190 2800 Aegyptiace
1218 2717 1288 2780 siue
1315 2713 1555 2800 hieroglyphice
1583 2719 1737 2802 scriptas,
1764 2713 1947 2800 intelligere
1971 2731 2005 2780 et

168 2827 333 2914 explicare
347 2843 444 2916 atqua
461 2831 614 2896 ιιίιιιιίιιο
630 2832 663 2894 iu
680 2851 774 2897 usuro
788 2845 975 2898 muuertare
990 2832 1161 2916 possimus.
1194 2831 1307 2896 Restat
1324 2832 1410 2895 enim
1427 2831 1550 2913 videre,
1566 2853 1630 2918 quo
1646 2830 1739 2896 modo
1752 2851 1858 2916 queue
1871 2837 2004 2896 ratione

167 2944 324 3050 Aegyptii
354 2944 596 3012 obseruationes
625 2967 701 3012 suas
727 2952 959 3014 astronomicas
989 2949 1089 3012 variis
1109 2951 1143 3012 in
1175 2949 1389 3013 monumentis
1407 2949 1475 3012 suis
1500 2947 1653 3014 litorariis
1680 2947 1928 3029 expresserint.
1953 2948 2006 3012 Sic

162 3063 219 3145 qui
243 3063 440 3126 nostratium
459 3066 576 3149 scripta
604 3068 820 3130 astronomica
846 3079 942 3152 atque
972 3063 1214 3128 obseruationes
1241 3061 1281 3127 (la
1309 3061 1511 3143 planetarum
1537 3057 1737 3145 longitudine
1758 3072 1846 3125 certo
1868 3062 2005 3149 quodam

162 3191 322 3260 tempere
339 3179 445 3242 iactas
463 3177 629 3266 literisque
650 3181 818 3246 mandatas
838 3174 1020 3265 intelligere
1042 3182 1135 3259 cupio
1103 3193 1192 3249 ιιι
1213 3174 1255 3238 iis
1277 3195 1340 3238 non
1362 3171 1466 3238 solum
1491 3177 1596 3262 prima
1616 3173 1712 3241 huius
1733 3175 1918 3264 discipliuae
1939 3177 2007 3246 ele·

161 3301 305 3368 menta,
328 3292 384 3353 sed
407 3292 503 3356 etiam
523 3290 609 3382 leges
629 3291 839 3357 addiscendae
861 3307 954 3370 sunt,
977 3288 1092 3378 quibus
1114 3287 1316 3377 planetarum
1338 3290 1410 3355 loca
1430 3289 1663 3377 significantur.
1694 3291 1792 3360 Nam
1813 3299 2007 3364 nostratium

160 3409 320 3495 quoque·
340 3409 549 3474 astronomica
577 3409 695 3492 scripta
724 3407 890 3492 symbolici
912 3406 988 3494 quid
1013 3405 1143 3472 habent.
1186 3403 1260 3482 Qua
1292 3407 1419 3494 quidem
1448 3429 1535 3472 noua
1564 3411 1598 3474 in
1628 3413 1815 3498 quaestione
1843 3415 2007 3498 antiquam

16 3493 18 3566 l
155 3501 337 3604 rationem
356 3523 546 3612 sequendam
580 3543 651 3588 esse
673 3545 851 3590 censemus.
895 3523 1023 3588 Scilicet
1043 3525 1227 3606 videamus,
1261 3525 1336 3610 quid
1366 3538 1493 3590 veteres
1514 3527 1576 3612 ipsi
1598 3527 1734 3608 doceant
1754 3540 1852 3612 atque
1878 3527 2007 3592 madent

153 3641 201 3707 sle
224 3643 360 3706 ratione
380 3639 612 3726 Aegyptiorum
634 3641 668 3704 in
690 3643 817 3726 seriptis
839 3643 1060 3706 astronomicis
1082 3640 1237 3716 adhibita,
1259 3641 1328 3704 siue
1349 3639 1388 3704 rie
1411 3645 1623 3706 astronomica
1645 3641 1879 3727 Aegyptiorum
1900 3641 2007 3708 hiero·

151 3758 346 3848 glyphice..
366 3731 488 3844 'ltaque
510 3759 698 3843 incipiamus
721 3779 741 3821 a
762 3757 871 3824 libello
896 3760 1122 3840 astronomiae,
1145 3779 1233 3822 mere
1255 3757 1382 3844 quidem
1407 3758 1623 3842 Aegyptiace,
1650 3758 1707 3822 setl
1731 3757 1854 3824 Graece
1876 3761 2007 3846 scripto,

16 3909 17 3916 ι
148 3895 269 3962 nuper
292 3875 329 3938 in
353 3873 506 3960 sepulcris
526 3873 692 3940 Thebanis
713 3889 852 3961 reperto.
896 3873 969 3952 Quo
1000 3877 1127 3964 quidem
1151 3877 1254 3940 omnis
1277 3873 1509 3960 Aegyptiorum
1533 3871 1774 3960 hieroglyphice
1796 3879 2010 3941 astronomica

150 3995 286 4079 optime
309 3987 519 4076 praefinitur.
563 3993 648 4058 Hinc
677 3995 840 4058 videamus
871 3993 910 4058 de
940 3991 1098 4080 singulari
1127 3991 1264 4080 quadam
1292 3988 1507 4074 symbolorum
1539 3994 1822 4058 astronomicarum
1851 3988 1952 4054 classe
1974 3964 2027 4055 iu·

151 4112 306 4194 practica
330 4097 575 4191 Aegyptiorum
598 4115 792 4174 astronomia
816 4107 976 4192 adhibita,
1007 4111 1128 4174 seilicet
1150 4108 1188 4172 de
1210 4109 1348 4192 nauigiis
1371 4112 1610 4190 astronomicis,
1642 4129 1776 4195 quorum
1797 4108 1861 4193 ipsi
1882 4110 2015 4171 veteres

16 4279 18 4320 q
151 4230 369 4293 mentionem
392 4226 525 4292 faciunt.
570 4223 642 4304 Qua
663 4227 822 4315 quidem'
812 4251 845 4291 un
866 4250 902 4292 re
934 4226 1070 4294 multum
1090 4223 1220 4292 luminis
1243 4225 1357 4290 afferet
1379 4225 1519 4312 sphaera
1537 4225 1763 4312 Aegypu'aca'
1754 4245 1787 4288 ra
1809 4219 1926 4288 Museo
1946 4222 2013 4288 Aa·

155 4345 315 4428 gyptiaco
339 4341 572 4408 Bibliothecae
593 4345 716 4431 Regiae
739 4344 904 4410 Parisinus
926 4356 1064 4432 reperta.
1108 4341 1171 4408 His
1191 4343 1274 4408 bena
1296 4345 1455 4428 expositis
1476 4341 1660 4406 facillimum
1684 4341 1762 4422 erit,
1790 4341 1862 4424 ipsa
1882 4337 2014 4426 Aegyp·

153 4460 286 4522 tiorum
308 4463 438 4546 scripta
462 4465 677 4526 astronomica
699 4463 832 4548 aggredi
856 4475 951 4550 atque
973 4463 1188 4548 interpretari.
1230 4460 1379 4547 Denique
1400 4462 1510 4547 paucis
1532 4456 1812 4521 demonstrandum
1838 4458 1916 4536 erit,
1938 4476 2014 4541 per·

149 4579 214 4644 ιίιιι
238 4589 330 4665 quot
354 4575 531 4664 qualiaque
554 4582 673 4664 scripta
692 4578 787 4644 huius
809 4583 937 4666 generis
967 4581 1180 4647 astronomica
1209 4599 1253 4643 ex
1282 4577 1509 4664 antiquissimis
1532 4572 1729 4659 temporibus
1749 4593 1849 4659 usque
1871 4572 1913 4636 ad
1931 4570 2016 4636 Con·

16 4723 17 4744 ¹
145 4699 350 4762 stantinuru
376 4693 426 4758 Μ.
451 4697 627 4761 etiamnum
651 4711 718 4761 tum
736 4699 770 4759 iu
793 4696 942 4783 Aegypto
961 4699 1049 4782 ipsa,
1074 4711 1142 4762 tum
1163 4698 1196 4759 in
1217 4693 1341 4758 Museia
1368 4693 1547 4777 Europaeis
1576 4702 1726 4772 exstent,
1753 4691 1871 4777 partim
1898 4701 2018 4774 quanto

142 4815 315 4903 qualique
337 4827 517 4878 momento
535 4817 578 4878 sit
597 4813 826 4902 Aegyptiorum
851 4817 1046 4893 astronomia
1060 4815 1091 4876 in
1108 4810 1275 4875 historiam
1296 4811 1425 4893 generis
1440 4809 1580 4886 humani,
1600 4809 1633 4872 in
1651 4804 1902 4890 chronologiam,
1917 4815 2021 4868 astro·

140 4932 321 5015 noreiam,
346 4927 615 5017 mythologiam‚
644 4929 854 5016 philologiam
880 4941 912 4991 et
933 4928 1117 5012 generalem
1141 4939 1173 4990 et
1195 4923 1427 5010 Aegyptiacam
1450 4927 1641 5017 praesertim
1662 4941 1775 4988 recens
1795 4931 1924 5002 uatem,
1953 4933 2021 4986 tom

16 4979 18 5078 l
135 5050 388 5119 emendandas
416 5063 454 5114 et
476 5049 703 5134 corrigendas,
727 5064 793 5116 tum
813 5047 1016 5114 instruendos
1038 5057 1071 5108 et
1091 5040 1323 5129 producendas.

887 5249 1346 5276 W*
