4896 6096
16 4751 20 4872 i

16 4991 23 5114 i

18 5170 26 5403 ι

22 5520 32 5823 i

929 555 1263 634 ...pp-

180 761 312 813 euentus
338 749 371 810 in
402 763 510 808 rernm
537 754 654 806 noima
681 745 812 830 vitaque
842 749 1003 812 communi
1030 747 1215 814 numinibus
1241 751 1308 812 suis
1345 747 1576 829 adtribuerint,
1614 752 1746 836 eiusque
1775 751 1903 834 generis
1934 749 2007 816 alia.

180 867 337 945 Quorum,
360 865 387 928 ai
410 861 553 926 breuiter
576 875 723 945 repetere
746 860 839 944 licet,
869 863 949 928 haec
968 865 1037 928 iere
1059 878 1108 928 ast
1128 887 1262 930 snrnma.

252 983 282 1048 1.
313 982 468 1067 Aegyptii
494 980 535 1044 de
555 977 694 1064 planetis
715 999 778 1044 uon
808 983 870 1048 uisi
893 1002 949 1046 eos
972 994 1147 1062 nonerunt,
1177 985 1231 1066 qui
1251 986 1348 1048 moris
1369 983 1471 1050 oculis
1492 986 1747 1070 conspiciuntur,
1779 984 1900 1050 scilicet
1930 993 1952 1068 ἕ
1978 993 2001 1068 ῼ

173 1107 260 1182 (Μ).
286 1101 332 1182 ἲ),
354 1096 473 1185 qnibus
494 1102 518 1174 b
539 1110 571 1162 at
593 1105 628 1178 Θ
650 1097 915 1180 adnumerarnnt,
939 1113 1100 1186 tamqnam
1123 1099 1291 1184 planetas,
1314 1099 1367 1166 vel
1388 1115 1476 1167 astra
1498 1103 1643 1208 epatica.
1685 1149 1690 1158 .

252 1235 299 1300 11.
335 1234 476 1300 Nomina
497 1231 702 1317 planetarum
730 1245 813 1332 snat
832 1231 934 1296 multa
963 1247 995 1298 et
1017 1237 1126 1316 vana,
1161 1237 1277 1320 partim
1301 1251 1450 1300 naturam
1473 1253 1582 1301 eoram
1614 1233 1847 1319 significantia,
1885 1240 2002 1320 partina

172 1351 393 1438 mythologica.

252 1470 315 1535 lll.
352 1466 483 1532 zodiaci
514 1465 690 1532 diuisionao
714 1477 790 1528 sunt
823 1463 982 1556 plurimae
1008 1482 1041 1532 et
1067 1469 1320 1548 disertissimae,
1360 1492 1379 1532 a
1407 1471 1559 1534 inanimis
1589 1491 1690 1554 nsque
1719 1471 1759 1534 ad
1788 1473 1955 1550 minimas,
1984 1491 2004 1531 a

174 1586 382 1654 semicirculis
399 1607 501 1672 voque
522 1585 561 1649 ad
582 1585 723 1646 minutas
746 1595 779 1644 et
801 1581 968 1646 secandas.

256 1704 322 1768 lv.
353 1701 551 1789 Quamquam
571 1701 640 1765 lare
659 1700 775 1784 viginti
792 1699 966 1765 diuisiones
988 1700 1178 1803 ecliptioae,
1206 1723 1340 1788 quarum
1362 1703 1510 1790 singrrlaa
1532 1702 1710 1769 minoribus
1736 1705 1886 1789 deinceps
1908 1707 2005 1789 parti-

175 1825 235 1888 bus
257 1835 421 1901 constant,
443 1822 602 1884 numerari
621 1831 773 1904 possunt,
796 1819 968 1902 primariae
990 1834 1097 1882 tamen
1118 1830 1152 1882 ot
1173 1821 1316 1883 maxime
1339 1819 1503 1886 adhibitae
1525 1819 1587 1886 hae
1610 1821 1710 1884 totae
1731 1821 1897 1894 videntur:

262 1936 475 2033 Samioirauli,
490 1935 651 2016 Trientes,
665 1933 881 2016 Quadrantes,
902 1935 1013 2020 Signa,
1033 1935 1208 2016 stationes,
1230 1935 1402 2014 Decuriae,
1424 1938 1539 2018 Horia,
1563 1939 1844 2014 Dodocatennoria,
1865 1937 2002 2018 Gradus,

179 2057 389 2136 Mirumst).

257 2176 297 2240 V.
320 2171 463 2249 Quaeuis
486 2167 611 2234 zodiaci
632 2182 664 2232 et
687 2171 869 2256 sequuturis
887 2191 973 2254 pars,
1000 2170 1064 2233 irno
1086 2170 1219 2255 quaeuis
1241 2170 1310 2234 lere
1336 2169 1450 2252 stella,
1485 2173 1648 2238 dominnm
1672 2197 1729 2239 seu
1751 2189 1922 2259 patronum
1945 2169 2004 2234 ali·

174 2315 262 2382 quera
282 2290 381 2356 babet
402 2291 441 2354 do
463 2303 588 2374 septem
608 2285 759 2373 planetis.
1577 2281 1581 2290 “

253 2410 315 2476 vl.
348 2408 431 2478 Item
455 2421 636 2491 temporum
660 2403 766 2488 spatia
787 2399 915 2488 singula
946 2424 966 2465 a
988 2404 1141 2468 maximis
1170 2403 1210 2468 ad
1233 2405 1364 2470 minima
1393 2427 1495 2492 nsque
1519 2405 1663 2472 subiecta
1692 2421 1766 2472 sunt
1789 2410 1923 2494 imperio
1946 2403 2005 2469 ali·

175 2533 259 2594 cuins
277 2526 440 2614 planetae.

250 2644 328 2712 vll.
359 2643 491 2728 Septem
511 2639 663 2728 planetae
687 2650 783 2724 atque
806 2633 888 2698 coeli
914 2647 1083 2723 terraeque
1105 2629 1213 2723 parab
1236 2659 1295 2702 nec
1317 2658 1379 2701 non
1404 2653 1585 2722 temporum
1606 2641 1720 2724 spatia,
1744 2638 1861 2724 quibua
1885 2637 2004 2723 singuli

172 2776 341 2854 praesunt,
367 2775 531 2845 tamquam
553 2757 684 2822 numina
704 2752 865 2818 habentur
885 2753 939 2818 vel
960 2759 1162 2843 cogitantur,
1183 2759 1303 2843 quippe
1326 2768 1474 2818 auctores
1496 2757 1639 2818 omnium
1661 2775 1783 2834 rerum,
1816 2775 1898 2839 qnae
1920 2752 2004 2816 finnt

172 2889 201 2950 in
220 2896 332 2948 natura
355 2880 489 2964 vitaque
511 2874 664 2955 hnmana,
688 2873 757 2936 siue
779 2874 843 2936 sint
861 2869 956 2954 bona,
980 2875 1049 2936 siue
1071 2872 1167 2938 mala.

248 2997 344 3064 VIII.
372 2993 530 3069 Quamuis
551 2991 700 3078 planetae
721 2987 777 3054 alii
801 2992 865 3054 sint
889 2986 1042 3069 benefici,
1072 2989 1127 3052 alii
1151 2987 1307 3069 malefici,
1338 2985 1392 3051 alii
1418 2983 1554 3070 denique
1576 3008 1659 3050 nune
1681 2986 1776 3070 mali,
1800 3011 1884 3056 nunc
1906 2988 2000 3065 boni3

171 3115 300 3204 cingulis
320 3128 429 3179 tamen
449 3113 588 3175 virtuter
609 3119 642 3172 et
663 3103 799 3171 allectus
819 3105 998 3192 peculiares
1021 3118 1054 3169 et
1074 3106 1254 3192 singulares
1276 3101 1508 3170 adscribuntur.

252 3251 314 3315 lll.
343 3245 562 3332 Quaecunque
582 3242 678 3308 alicui
697 3240 847 3327 planetae
870 3239 1104 3324 adtribuuntur,
1128 3243 1259 3306 eandm
1281 3253 1356 3305 sunt
1377 3245 1590 3329 proprietates
1611 3244 1752 3327 partium
1774 3262 1883 3306 earum
1907 3241 1999 3321 coeli,

176 3385 279 3432 terrae
298 3379 396 3451 atque
419 3376 605 3448 temporum,
627 3358 743 3447 quibua
765 3357 844 3422 illud
866 3380 982 3423 numen
1008 3357 1221 3445 planetarium
1243 3372 1399 3445 praestat,
1422 3383 1479 3424 aea
1502 3379 1636 3447 quarum
1658 3360 1806 3424 dominus
1828 3372 1886 3424 est.
1974 3435 1976 3438 Ι

259 3503 301 3566 X.
324 3499 495 3567 Nominum
517 3497 802 3560 astronomicarum
817 3493 974 3558 malorum
996 3493 1130 3560 effectus
1147 3515 1184 3557 ac
1203 3491 1349 3576 symbola
1371 3505 1456 3574 sunt,
1479 3514 1686 3580 quaecunque
1705 3496 1739 3557 in
1758 3515 1864 3558 rerum
1885 3509 2000 3557 natura

175 3621 299 3705 vitaque
320 3617 459 3682 bumana
482 3612 631 3678 malefica
654 3633 724 3675 esre
746 3623 918 3695 putantur,
939 3608 1097 3674 bonorum
1121 3623 1243 3674 contra.

254 3733 311 3799 xi.
342 3731 520 3798 Nominum
549 3729 837 3802 astronomicarum
867 3728 1001 3791 effectas
1033 3740 1066 3789 et
1092 3725 1238 3810 symbola
1268 3739 1440 3791 cernuntur
1470 3729 1501 3808 t)
1523 3729 1556 3790 in
1579 3747 1685 3788 rerum
1710 3737 1844 3802 natura,
1873 3725 1997 3786 sinain

165 3853 266 3936 coelo,
288 3855 358 3918 sino
381 3855 418 3914 in
443 3861 546 3926 torra3
570 3851 605 3924 2)
627 3849 660 3910 in
682 3844 875 3926 bominibus,
900 3858 967 3908 tum
989 3845 1022 3908 in
1044 3843 1274 3940 spiritualibus,
1298 3845 1420 3908 tamin
1444 3841 1664 3928 corporalibus
1686 3861 1797 3904 eornm
1818 3841 1997 3924 proprieta-

165 3975 262 4054 tibus3
289 3977 322 4052 3)
344 3974 380 4034 in
402 3963 606 4046 animalibus,
630 3959 901 4049 quadrupedibus,
924 3961 1048 4040 auibus,
1072 3961 1224 4045 piscibus,
1247 3963 1378 4024 insectis
1401 3959 1553 4046 aliisqne;
1581 3961 1613 4041 t)
1635 3961 1668 4023 iu
1690 3956 1835 4044 partibus
1855 3958 1998 4040 corporis

164 4093 290 4157 bomani
319 4103 419 4173 atque
442 4081 645 4162 animalinm3
686 4081 719 4164 5)
743 4084 775 4144 in
808 4077 975 4143 arboribus
1006 4091 1038 4142 et
1067 4077 1185 4164 plantis
1211 4081 1310 4144 variis
1338 4097 1510 4162 earumque
1541 4076 1702 4162 partibus3
1733 4080 1766 4158 6)
1789 4077 1823 4138 in
1844 4072 1995 4153 metallis,

165 4213 264 4292 terris,
286 4202 454 4273 coloribus
475 4200 647 4285 multisque
671 4197 767 4262 rebus
792 4209 860 4260 arte
884 4211 915 4260 et
935 4199 1067 4282 ingenio
1089 4195 1228 4259 humano
1249 4193 1411 4279 profectis.

242 4342 326 4408 XII.
351 4337 462 4413 Quum
482 4333 637 4418 Aegyptii
659 4333 828 4418 unicuique
849 4329 999 4414 planetae
1021 4329 1217 4415 singularem
1238 4323 1377 4392 indolem
1400 4340 1431 4390 et
1454 4326 1628 4390 efficaciam
1650 4323 1838 4405 tribuerint,
1872 4324 1995 4404 accidit,

169 4477 201 4522 ιι
216 4461 408 4546 plerumque
432 4474 471 4516 ea
492 4452 557 4514 sint
579 4447 713 4514 alicuius
735 4447 885 4533 planetae
909 4445 1065 4530 symbola,
1088 4467 1263 4532 quaecum
1286 4458 1401 4510 natura
1420 4444 1581 4530 planetae,
1602 4456 1658 4506 aut
1678 4463 1775 4519 vera,
1798 4453 1853 4504 aut
1874 4462 1994 4526 suppo-

167 4575 426 4656 sitia,1naxi1na
450 4566 654 4632 conueniunt.
699 4566 751 4629 Sic
772 4564 867 4648 lupas
897 4560 1057 4648 significat
1080 4566 1132 4644 d,
1162 4577 1198 4626 vt
1225 4563 1384 4643 vidimus,
1415 4564 1564 4647 quoniam
1585 4563 1616 4625 in
1640 4574 1777 4647 atroque
1804 4562 1940 4625 erratica
1962 4574 1996 4623 et

166 4715 266 4779 rapax
295 4707 415 4756 natura
441 4707 512 4750 esso
538 4682 738 4748 credebatur.
780 4679 964 4764 Symbolum
994 4678 1018 4772 iq
1051 4693 1100 4745 ost
1130 4679 1272 4758 locusta,
1305 4680 1458 4764 quoniam
1487 4681 1587 4743 instar
1617 4679 1641 4762 1)
1672 4681 1844 4764 perniciem
1868 4679 1993 4747 afferat.

165 4811 250 4890 Leo,
278 4811 399 4897 quippo
420 4799 539 4866 animal
559 4798 767 4862 fortissimum
787 4811 819 4861 et
840 4797 1111 4876 valentissimum,
1135 4799 1175 4876 Θ
1188 4793 1348 4880 significat
1371 4809 1533 4882 tamquam
1553 4797 1717 4882 planetam
1739 4795 1991 4861 valentissimum

165 4929 247 4989 inter
265 4925 409 5008 reliquos
428 4915 586 5006 planetas.
629 4911 770 4992 Taurus,
792 4921 878 4994 βοις,
902 4936 991 4994 vero,
1015 4924 1050 4974 vt
1069 4909 1192 4974 Valens
1213 4911 1299 4992 dicit,
1320 4924 1491 5014 propterea
1513 4917 1541 5000 p
1562 4911 1742 4998 symbolum
1762 4934 1832 4976 esse
1854 4909 1992 4995 putaba-

160 5111 577 5134 ..---—-—--—

226 5241 272 5305 nt)
296 5240 358 5302 Quo
376 5235 494 5289 tantitas
510 5233 607 5285 variae
627 5231 700 5285 coeli
717 5230 874 5284 diuisioneo
901 5230 1068 5303 amerinis
1092 5228 1127 5279 ad
1152 5228 1284 5282 minimas
1303 5244 1358 5282 rno
1385 5229 1490 5282 obtutu
1517 5226 1638 5282 lustrari
1661 5228 1791 5297 possint,
1814 5227 1924 5280 adiecta
1948 5233 1994 5278 eat

159 5328 211 5380 rub
232 5327 318 5380 linem
334 5322 422 5375 buius
439 5317 532 5372 libelli
550 5318 662 5382 tabula,
680 5319 762 5369 caius
780 5317 999 5384 explicationem
1016 5317 1045 5367 in
1063 5315 1191 5384 margine
1209 5311 1307 5370 hobas.
