4958 6092
986 507 1297 584 ...7.-

222 701 306 763 enim
328 695 383 760 ille
403 692 597 781 planetaria,
626 694 696 757 siue
717 713 820 756 annus
841 714 995 780 magnus,
1029 695 1118 757 cuius
1147 692 1208 758 sub
1236 691 1335 757 finem
1362 704 1395 755 et
1414 693 1539 756 initium
1568 693 1716 778 planetae
1737 694 1908 782 Aegyptiis
1929 699 2049 782 cogniti

223 836 241 878 a
265 828 349 878 terra
370 813 507 895 spectati
528 807 642 874 iisdem
670 811 788 895 quique
808 812 841 872 iu
864 809 1018 895 gradibus
1038 808 1172 874 Zodiaoi
1194 822 1382 888 versantur,
1407 822 1533 873 constat
1563 831 1582 872 e
1604 821 1782 897 temporum
1804 834 1914 878 eorum
1935 813 2048 898 spatiis

220 932 304 993 inter
324 949 360 992 se
380 926 613 1012 multiplicatis,
648 924 762 1020 quibus
785 939 870 988 terra
897 939 1026 1007 nostra,
1063 939 1158 1011 atque
1179 924 1295 1011 reliqui
1322 923 1471 1010 planetae
1499 926 1617 989 circnrn
1645 926 1746 994 solem
1773 928 2048 1010 circumferuntur,

220 1067 317 1131 quum
340 1040 421 1108 haec
442 1064 568 1108 summa
590 1055 723 1106 eatenus
746 1044 927 1122 minuatur,
963 1055 999 1104 vt
1020 1035 1171 1106 minimus
1197 1041 1345 1105 diuiduos
1374 1042 1416 1104 sit
1436 1061 1587 1104 numerus
1608 1064 1666 1126 pro
1689 1058 1831 1130 tempore
1856 1046 2050 1110 circuitionis

222 1163 376 1245 cuiusque
397 1158 565 1244 planetae;
589 1156 673 1243 qnod
693 1157 779 1221 infra
799 1154 1025 1220 illustrabitur.
1068 1157 1182 1243 ltaque
1198 1177 1300 1220 annus
1315 1154 1549 1244 Aegyptiorum
1568 1180 1717 1244 magnus,
1741 1160 1791 1225 vel
1806 1161 1954 1247 neglecta
1972 1158 2051 1224 luna

222 1276 441 1362 neglectisque
458 1272 598 1360 plurium
621 1273 779 1357 graduum
802 1272 1001 1353 differentiis,
1024 1271 1170 1356 pluribus
1191 1293 1286 1358 qnam
1302 1277 1444 1353 200,000
1467 1276 1559 1338 annis
1577 1272 1713 1340 Julianis
1735 1289 1869 1342 constat.
1911 1276 2050 1360 Exque

223 1395 385 1479 seqnitur,
421 1412 519 1476 quam
549 1387 734 1454 obseruatio
764 1389 921 1473 quaedam
947 1386 1181 1472 Aegyptiorum
1211 1390 1424 1453 astronomica
1448 1392 1673 1472 inueniretur,
1712 1411 1783 1454 eam
1813 1393 1941 1462 nonnisi
1961 1393 2048 1455 intra

223 1509 375 1590 mollo,
395 1509 461 1572 imo
484 1504 627 1590 plurium
640 1483 795 1566 annornm
818 1505 958 1587 spatium
979 1501 1029 1566 bis
1048 1500 1262 1588 quaerendam
1283 1524 1364 1570 esse.
1406 1504 1478 1570 Jam
1498 1506 1600 1587 vides,
1624 1481 1774 1602 qnale'et
1795 1503 1948 1591 quantum
1964 1526 2049 1570 eom-

223 1624 351 1688 modnm
377 1637 411 1686 et
430 1622 610 1686 inauditum
632 1618 880 1684 emolumentum
902 1620 937 1682 id
959 1629 1045 1682 esset
1067 1617 1106 1681 ad
1129 1616 1370 1704 chronologiam
1392 1633 1424 1682 et
1445 1619 1621 1702 historiam,
1644 1624 1790 1686 inuenire
1807 1620 2050 1707 obseruationes

223 1740 459 1826 Aegyptiorum
481 1738 718 1802 asnonomicas.
761 1735 838 1800 Vna
859 1734 929 1800 sola
952 1732 1108 1819 quaedam
1136 1731 1319 1798 obseruatio
1342 1732 1572 1822 Aegyptiorum
1594 1739 1807 1802 arnunomiea
1827 1739 2047 1823 antiquissima

224 1857 263 1920 ud
276 1873 454 1941 ‘persenam
482 1851 641 1939 qiraudam
668 1864 724 1916 ant
753 1853 873 1916 luctum
896 1849 1082 1914 historicum
1108 1847 1229 1930 relata,
1265 1851 1530 1936 siinueniretnr,
1558 1855 1722 1918 sufficeret
1744 1853 1785 1916 ad
1806 1865 1928 1916 certum
1953 1852 2047 1916 obro-

224 1971 373 2056 nologiae
395 1981 428 2032 et
445 1966 599 2032 historiae
620 1967 863 2032 fundamentum
884 1964 1083 2045 iaciendum,
1112 1966 1196 2051 qnod
1219 1964 1338 2030 dudum
1359 1967 1480 2032 frustra
1501 1972 1733 2055 quaesiuimue;
1771 1990 1868 2056 qnnm
1889 1989 1967 2032 vero
1987 1966 2046 2031 ob-

224 2089 423 2152 seruationes
442 2081 526 2148 tales
547 2082 796 2169 Aegyptiorum,
826 2081 939 2168 quales
962 2081 1121 2162 diximus,
1155 2093 1187 2144 et
1209 2085 1446 2148 vetustissimae
1470 2098 1502 2149 et
1522 2086 1798 2170 frequentissimae
1821 2097 1853 2148 et
1873 2098 2052 2168 temporum

224 2202 403 2268 interuallis
427 2199 514 2264 band
533 2202 619 2284 inter
640 2219 676 2263 se
699 2196 863 2280 distantes,
889 2200 958 2263 siue
981 2197 1136 2266 historiae
1160 2200 1229 2263 siue
1251 2199 1445 2286 astrologiae
1468 2205 1574 2288 gratia
1597 2201 1698 2266 literis
1719 2199 1968 2288 hieroglyphicis
1989 2213 2052 2262 tra-

226 2322 312 2385 ditae
335 2333 452 2400 emant,
471 2320 555 2382 iuter
576 2326 782 2382 monumenta
801 2313 1001 2400 Aegyptiace
1020 2317 1217 2380 existerent:
1239 2335 1304 2381 non
1324 2315 1456 2382 dubium
1478 2333 1538 2399 est,
1561 2321 1638 2404 quin
1657 2319 1731 2383 inde
1753 2332 1821 2384 tota
1841 2319 2050 2406 chronologia

224 2439 401 2501 rectissime
429 2447 462 2499 et
491 2447 620 2520 praeter
652 2452 780 2496 omnem
811 2432 1072 2517 expectationem
1101 2434 1337 2498 accuratissime
1367 2434 1533 2517 componi,
1573 2446 1642 2498 tota
1669 2433 1813 2498 historia¹
1832 2437 2053 2520 antiquissima

226 2551 380 2617 illustrari
403 2552 571 2637 denuoque
598 2551 730 2630 instrui,
762 2560 794 2612 et
817 2560 1098 2614 monumentomm
1130 2546 1401 2635 Aegyptiacorum
1432 2550 1576 2612 maxime
1608 2547 1777 2612 dubiorum
1807 2556 1966 2636 origines,
1997 2550 2053 2632 dy-

225 2672 404 2734 nastiamm
429 2687 605 2753 regumque
626 2687 708 2737 aena
736 2643 983 2746 incertissima,
998 2664 1155 2728 lectorum
1177 2663 1400 2750 historicorum
1425 2675 1559 2727 euentus
1581 2659 1796 2725 obscurissimi
1817 2666 2054 2728 accuratissime

226 2783 363 2850 dmcdbi
383 2797 416 2848 et
434 2781 559 2848 deliniri
581 2793 726 2868 possent,
752 2793 859 2866 neqne'
878 2779 962 2872 apud
984 2779 1164 2865 Aegyptios
1185 2777 1301 2857 solnm,
1323 2798 1435 2840 verum
1457 2779 1554 2840 etiam
1575 2775 1661 2861 apud
1682 2775 1824 2842 Graecos
1843 2778 2052 2864 Latinosque,

225 2903 356 2982 Persas,
380 2897 568 2984 Aethiopes,
592 2898 700 2979 Indos,
721 2896 891 2962 Hebraeos
913 2895 1055 2979 aliasque
1076 2905 1201 2977 gentes,
1224 2913 1296 2955 cum
1315 2889 1431 2977 quibus
1451 2893 1683 2978 Aegyptiorum
1703 2913 1755 2958 res
1776 2909 1883 2961 nexae
1905 2900 2053 2962 coniunc-

226 3034 342 3103 taeque
364 3015 534 3102 aliqnando
555 3014 696 3078 fuerunt.
740 3011 906 3076 Eiusmodi
932 3011 1017 3073 euim
1038 3005 1283 3072 obseruationes
1311 3020 1379 3072 tam
1407 3021 1552 3072 accurate
1576 3012 1751 3094 computari
1771 3027 1923 3095 possunt,
1956 3027 1991 3076 vt
2012 3035 2053 3076 ne

225 3138 319 3204 vnins
341 3132 468 3218 quidem
490 3130 555 3192 diei
577 3149 666 3191 error
688 3128 766 3190 oriri
787 3136 885 3210 queat
903 3126 938 3168 ²⁵
950 3124 989 3204 ¹⁸).

311 3247 440 3322 Quanto
461 3256 626 3311 momento
648 3259 726 3306 vero
746 3240 942 3317 astronomia
956 3236 1157 3323 Aegyptiace
1178 3239 1339 3304 illustrata
1358 3241 1443 3306 foret
1458 3243 1492 3306 in
1518 3253 1639 3322 nostra,
1662 3244 1722 3306 vix
1741 3227 1825 3328 'opus
1849 3258 1897 3310 est
1914 3265 2053 3310 eorume-

225 3383 366 3432 murure.
409 3359 546 3427 Constat
573 3361 658 3422 enirn
678 3355 795 3423 multas
817 3375 889 3421 esse
910 3357 1126 3419 mnenomiee
1150 3359 1403 3441 propositiones,
1433 3380 1515 3443 quae
1539 3379 1603 3422 uon
1625 3359 1687 3424 nisi
1709 3373 1783 3444 post
1804 3362 1977 3428 multorum
1998 3384 2055 3428 an-

225 3501 343 3549 norum
370 3475 424 3542 vel
451 3473 652 3540 saeculorum
678 3475 792 3539 semor*
809 3445 1008 3557 comprolfiri
1036 3474 1170 3556 possint.
1212 3470 1415 3561 Quamquam
1438 3461 1523 3540 enim
1544 3487 1581 3538 vt
1610 3477 1780 3557 omnium,
1800 3481 1847 3542 ita
1868 3477 2055 3544 coelestium

226 3616 354 3684 quoqne
375 3612 483 3655 rerum
505 3605 640 3655 euentus
660 3604 694 3655 et
714 3592 907 3655 mutationes
929 3587 969 3650 ad
991 3601 1139 3652 aeternas
1161 3610 1279 3677 easque
1300 3593 1552 3677 sapientissimas
1577 3595 1716 3658 numinis
1726 3591 1870 3679 ,benigni
1892 3593 1982 3680 leges
2005 3594 2053 3656 di·

228 3716 391 3797 rignntur;
415 3728 454 3771 eu
475 3721 583 3771 tamen
603 3719 777 3793 praecepta
796 3707 914 3791 partim
935 3702 1178 3784 obscurissima,
1208 3711 1325 3791 partim
1346 3727 1520 3794 pancorum
1542 3707 1743 3772 saeculorum
1763 3709 1966 3796 experientia
1988 3729 2052 3772 non

228 3831 307 3894 sads
328 3820 535 3909 explicabilia
554 3835 638 3889 sunt.
671 3821 744 3886 Huc
766 3831 912 3906 spectant
927 3833 1125 3886 cometarum
1144 3826 1372 3907 apparitiones,
1396 3825 1592 3888 variationes
1613 3826 1833 3890 circuitionum
1854 3826 2056 3912 planetarum

229 3949 314 4010 circa
334 3938 454 4020 solem,
478 3959 623 4004 recessus
647 3951 838 4025 punctorum
862 3936 1161 4022 aequinoctialium,
1187 3937 1356 4004 declinatio
1377 3938 1507 4004 zodiaci
1530 3942 1661 4028 eiusque
1683 3945 1811 4028 generis
1829 3943 1903 4008 nlla.
1947 3940 2055 4018 Quiri

230 4060 315 4149 qnod
345 4057 563 4121 recentissime
586 4059 671 4120 serio
696 4054 823 4142 quidem
852 4054 1101 4136 contenderunt,
1137 4068 1255 4120 terram
1285 4069 1427 4120 nostram
1449 4054 1488 4119 de
1517 4058 1569 4121 die
1597 4053 1637 4122 in‘
1662 4059 1747 4124 diem
1771 4062 1910 4123 minores
1937 4060 2056 4122 circum

230 4177 330 4244 solam
354 4149 533 4237 describere
560 4169 707 4235 circulos.
750 4167 873 4255 Vtique
894 4171 958 4232 iam
981 4171 1171 4258 profuerunt
1190 4174 1223 4236 in
1250 4172 1300 4236 his
1321 4194 1518 4259 magnopere
1539 4189 1684 4240 veterum
1710 4175 1961 4239 obseruationes.
2004 4174 2057 4240 Sic

229 4285 453 4379 Hipparchus,
476 4269 635 4352 maiorum
656 4306 789 4350 suornm
811 4283 990 4350 obseruatis
1008 4286 1129 4368 fretus,
1151 4288 1275 4352 inuenit
1297 4310 1481 4374 processum
1501 4291 1666 4357 stellarum
1687 4290 1847 4372 fixurum3
1876 4293 1922 4354 sie
1944 4311 2057 4354 secun*

232 4410 305 4474 dum
326 4403 549 4490 Hipparchum
569 4403 621 4468 La
641 4402 755 4468 Laude
778 4423 896 4468 annum
922 4405 1080 4488 tropicum
1106 4407 1343 4470 accuratissime
1364 4406 1531 4493 descripsit
1551 4421 1647 4492 utque
1670 4407 1781 4473 eadem
1805 4410 1859 4472 via
1880 4428 1919 4470 eo
1942 4428 2058 4492 perne·

232 4536 348 4591 uerunt
367 4511 543 4605 Helleyns,
567 4535 604 4584 vt
629 4513 894 4584 accelerationem
910 4532 1017 4583 motus
1038 4521 1136 4584 medii
1156 4520 1295 4604 lunaris;
1317 4527 1522 4602 recentiores,
1547 4535 1580 4586 vt
1600 4521 1798 4590 turbationes
1817 4526 1967 4590 itinerum
1987 4525 2057 4613 pla·

236 4654 378 4703 netarum
398 4637 586 4720 detegerent
600 4636 666 4718 ²⁶).
708 4634 753 4700 At
779 4655 856 4700 vero
880 4649 1026 4701 veterum
1050 4635 1308 4719 obseruationes,
1329 4660 1426 4724 quum
1449 4658 1567 4702 annum
1590 4645 1632 4704 27
1651 4639 1886 4706 Nubonassaris
1910 4663 1972 4706 nou
1996 4635 2058 4704 ex·

235 4889 336 4945 Mundi
353 4890 514 4942 exustione.
531 4889 646 4958 Lipsiae
660 4885 737 4939 1616.
756 4885 879 4942 Distrib.
893 4887 925 4942 V.
946 4889 1061 4942 Nicetes
1083 4887 1222 4943 Choniata
1241 4891 1276 4943 de
1296 4887 1457 4942 orthodoxe
1479 4890 1534 4946 tide
1552 4893 1585 4949 L.
1595 4896 1617 4947 i.
1637 4909 1660 4946 o.
1668 4894 1709 4954 1.,
1729 4896 1776 4962 qni
1796 4907 1902 4944 annum
1920 4907 2053 4963 magnum

235 4975 308 5029 dicit
325 4981 456 5028 constare
474 4975 517 5036 17,
534 4973 594 5039 bii,
611 4975 664 5026 roo
683 4971 775 5026 aunis.

241 5120 242 5124 ,
302 5057 370 5120 ιδ’)
388 5056 563 5112 viriiiter
579 5053 740 5114 llandbucb
759 5053 811 5108 der
828 5051 1028 5121 Chronologie.
1046 5051 1146 5106 Berlin
1169 5055 1246 5112 tert.
1262 5055 1326 5110 Vol.
1338 5057 1359 5111 1.
1380 5071 1444 5128 pag.
1455 5059 1499 5112 99.

303 5140 350 5206 ib)
368 5137 507 5195 Mentire
526 5159 577 5197 sur
593 5143 623 5198 la
640 5140 728 5195 durie
748 5140 783 5193 de
800 5138 908 5192 l'aunie
926 5137 980 5192 sol.
996 5138 1027 5190 in
1040 5137 1197 5192 Memoriis
1214 5142 1297 5196 head.
1313 5141 1404 5196 Paris.
1425 5145 1493 5196 anni
1512 5143 1588 5196 1782.
1609 5142 1669 5196 coi.
1688 5143 1780 5198 ideler·
1798 5143 1978 5200 iiistnriecbe
1997 5145 2055 5198 Uu-

234 5225 452 5296 tersncbungcn
471 5227 541 5282 iiber
558 5226 604 5279 die
623 5222 875 5282 Astronomischeu
890 5220 1132 5294 Benbachtnngen
1150 5224 1201 5280 der
1218 5227 1311 5282 arten.
1329 5227 1407 5282 Berl.
1419 5227 1494 5288 18116.
