<?xml version="1.0" encoding="UTF-8"?>
<!DOCTYPE html PUBLIC "-//W3C//DTD XHTML 1.0 Transitional//EN"
    "http://www.w3.org/TR/xhtml1/DTD/xhtml1-transitional.dtd">
<html xmlns="http://www.w3.org/1999/xhtml" xml:lang="en" lang="en">
 <head>
  <title>
</title>
<meta http-equiv="Content-Type" content="text/html;charset=utf-8" />
  <meta name='ocr-system' content='tesseract 3.04.00' />
  <meta name='ocr-capabilities' content='ocr_page ocr_carea ocr_par ocr_line ocrx_word'/>
</head>
<body>
  <div class='ocr_page' id='page_1' title='image "./systemaastronom00seyfgoog_0282.png"; bbox 0 0 4902 6096; ppageno 0'>
   <div class='ocr_carea' id='block_1_1' title="bbox 945 493 1314 578">
    <p class='ocr_par' dir='ltr' id='par_1_1' title="bbox 945 493 1314 578">
     <span class='ocr_line' id='line_1_1' title="bbox 945 493 1314 578; baseline 0.005 -2"><span class='ocrx_word' id='word_1_1' title='bbox 945 493 1314 578; x_wconf 77' lang='lat' dir='ltr'><strong>-aas-</strong></span> 
     </span>
    </p>
   </div>
   <div class='ocr_carea' id='block_1_2' title="bbox 168 673 2110 2058">
    <p class='ocr_par' dir='ltr' id='par_1_2' title="bbox 168 673 2110 2058">
     <span class='ocr_line' id='line_1_2' title="bbox 207 673 2043 794; baseline 0.003 -38"><span class='ocrx_word' id='word_1_2' title='bbox 207 697 348 780; x_wconf 78' lang='lat' dir='ltr'><strong>scriptae</strong></span> <span class='ocrx_word' id='word_1_3' title='bbox 377 686 470 794; x_wconf 66' lang='lat' dir='ltr'><strong>ppos,</strong></span> <span class='ocrx_word' id='word_1_4' title='bbox 495 689 547 752; x_wconf 81' lang='lat' dir='ltr'><strong>sol</strong></span> <span class='ocrx_word' id='word_1_5' title='bbox 564 701 732 754; x_wconf 80' lang='lat' dir='ltr'><strong>testastur.</strong></span> <span class='ocrx_word' id='word_1_6' title='bbox 774 688 845 754; x_wconf 85' lang='lat' dir='ltr'><strong>lacu</strong></span> <span class='ocrx_word' id='word_1_7' title='bbox 867 709 950 776; x_wconf 81' lang='lat' dir='ltr'><strong>quae</strong></span> <span class='ocrx_word' id='word_1_8' title='bbox 970 703 1098 756; x_wconf 82' lang='lat' dir='ltr'><strong>veteres</strong></span> <span class='ocrx_word' id='word_1_9' title='bbox 1119 691 1248 756; x_wconf 80' lang='lat' dir='ltr'><strong>nudant</strong></span> <span class='ocrx_word' id='word_1_10' title='bbox 1271 690 1316 753; x_wconf 83' lang='lat' dir='ltr'><strong>de</strong></span> <span class='ocrx_word' id='word_1_11' title='bbox 1333 673 1472 776; x_wconf 84' lang='lat' dir='ltr'><strong>nauigiis</strong></span> <span class='ocrx_word' id='word_1_12' title='bbox 1497 693 1732 776; x_wconf 71' lang='lat' dir='ltr'><strong>astronomicis,</strong></span> <span class='ocrx_word' id='word_1_13' title='bbox 1750 693 1893 780; x_wconf 77' lang='lat' dir='ltr'><strong>sphaera</strong></span> <span class='ocrx_word' id='word_1_14' title='bbox 1911 693 2043 784; x_wconf 75' lang='lat' dir='ltr'><strong>Aegyp·</strong></span> 
     </span>
     <span class='ocr_line' id='line_1_3' title="bbox 208 803 2042 895; baseline 0.002 -21"><span class='ocrx_word' id='word_1_15' title='bbox 208 814 312 891; x_wconf 73' lang='lat' dir='ltr'><strong>daos,</strong></span> <span class='ocrx_word' id='word_1_16' title='bbox 340 812 375 872; x_wconf 89' lang='lat' dir='ltr'><strong>iu</strong></span> <span class='ocrx_word' id='word_1_17' title='bbox 398 806 516 877; x_wconf 77' lang='lat' dir='ltr'><strong>Museo</strong></span> <span class='ocrx_word' id='word_1_18' title='bbox 542 803 749 892; x_wconf 72' lang='lat' dir='ltr'><strong>Aegyptiace</strong></span> <span class='ocrx_word' id='word_1_19' title='bbox 774 803 994 873; x_wconf 80' lang='lat' dir='ltr'><strong>Bibliothecae</strong></span> <span class='ocrx_word' id='word_1_20' title='bbox 1015 807 1138 894; x_wconf 83' lang='lat' dir='ltr'><strong>Regiae</strong></span> <span class='ocrx_word' id='word_1_21' title='bbox 1165 807 1331 872; x_wconf 81' lang='lat' dir='ltr'><strong>Parisinus</strong></span> <span class='ocrx_word' id='word_1_22' title='bbox 1359 809 1491 893; x_wconf 89' lang='lat' dir='ltr'><strong>proprio</strong></span> <span class='ocrx_word' id='word_1_23' title='bbox 1518 823 1664 894; x_wconf 88' lang='lat' dir='ltr'><strong>reperta,</strong></span> <span class='ocrx_word' id='word_1_24' title='bbox 1702 813 1833 895; x_wconf 81' lang='lat' dir='ltr'><strong>egregie</strong></span> <span class='ocrx_word' id='word_1_25' title='bbox 1862 810 2042 877; x_wconf 69' lang='lat' dir='ltr'><strong>confirmuta</strong></span> 
     </span>
     <span class='ocr_line' id='line_1_4' title="bbox 205 913 2038 1022; baseline 0.002 -32"><span class='ocrx_word' id='word_1_26' title='bbox 205 922 328 991; x_wconf 80' lang='lat' dir='ltr'><strong>Exstat</strong></span> <span class='ocrx_word' id='word_1_27' title='bbox 355 923 400 988; x_wconf 89' lang='lat' dir='ltr'><strong>ibi</strong></span> <span class='ocrx_word' id='word_1_28' title='bbox 421 926 510 990; x_wconf 65' lang='lat' dir='ltr'><strong>smus</strong></span> <span class='ocrx_word' id='word_1_29' title='bbox 525 941 666 1008; x_wconf 73' lang='lat' dir='ltr'><strong>papyrus</strong></span> <span class='ocrx_word' id='word_1_30' title='bbox 687 913 858 1004; x_wconf 83' lang='lat' dir='ltr'><strong>hieratica,</strong></span> <span class='ocrx_word' id='word_1_31' title='bbox 891 926 1017 988; x_wconf 69' lang='lat' dir='ltr'><strong>amciter</strong></span> <span class='ocrx_word' id='word_1_32' title='bbox 1039 926 1177 1011; x_wconf 85' lang='lat' dir='ltr'><strong>quinque</strong></span> <span class='ocrx_word' id='word_1_33' title='bbox 1198 925 1297 1012; x_wconf 84' lang='lat' dir='ltr'><strong>pedes</strong></span> <span class='ocrx_word' id='word_1_34' title='bbox 1319 923 1436 1012; x_wconf 80' lang='lat' dir='ltr'><strong>longa,</strong></span> <span class='ocrx_word' id='word_1_35' title='bbox 1466 930 1696 1022; x_wconf 73' lang='lat' dir='ltr'><strong>asmouomica,</strong></span> <span class='ocrx_word' id='word_1_36' title='bbox 1724 925 1891 1013; x_wconf 76' lang='lat' dir='ltr'><strong>eleganter</strong></span> <span class='ocrx_word' id='word_1_37' title='bbox 1909 931 2038 1014; x_wconf 67' lang='lat' dir='ltr'><strong>scripta,</strong></span> 
     </span>
     <span class='ocr_line' id='line_1_5' title="bbox 207 1035 2040 1128; baseline 0.004 -22"><span class='ocrx_word' id='word_1_38' title='bbox 207 1044 299 1106; x_wconf 75' lang='lat' dir='ltr'><strong>cuim</strong></span> <span class='ocrx_word' id='word_1_39' title='bbox 319 1039 448 1111; x_wconf 78' lang='lat' dir='ltr'><strong>titulun</strong></span> <span class='ocrx_word' id='word_1_40' title='bbox 469 1061 510 1104; x_wconf 86' lang='lat' dir='ltr'><strong>cs</strong></span> <span class='ocrx_word' id='word_1_41' title='bbox 533 1035 737 1105; x_wconf 76' lang='lat' dir='ltr'><strong>adumbratio</strong></span> <span class='ocrx_word' id='word_1_42' title='bbox 758 1053 912 1124; x_wconf 84' lang='lat' dir='ltr'><strong>occupat,</strong></span> <span class='ocrx_word' id='word_1_43' title='bbox 943 1059 1039 1126; x_wconf 82' lang='lat' dir='ltr'><strong>quem</strong></span> <span class='ocrx_word' id='word_1_44' title='bbox 1061 1037 1195 1119; x_wconf 31' lang='lat' dir='ltr'><strong>Tabula·</strong></span> <span class='ocrx_word' id='word_1_45' title='bbox 1210 1039 1255 1106; x_wconf 91' lang='lat'><strong>11.</strong></span> <span class='ocrx_word' id='word_1_46' title='bbox 1279 1041 1344 1108; x_wconf 92' lang='lat' dir='ltr'><strong>No.</strong></span> <span class='ocrx_word' id='word_1_47' title='bbox 1360 1040 1422 1107; x_wconf 92' lang='lat' dir='ltr'><strong>Ill.</strong></span> <span class='ocrx_word' id='word_1_48' title='bbox 1447 1045 1677 1128; x_wconf 84' lang='lat' dir='ltr'><strong>expressimus.</strong></span> <span class='ocrx_word' id='word_1_49' title='bbox 1721 1040 1869 1111; x_wconf 72' lang='lat' dir='ltr'><strong>caumas</strong></span> <span class='ocrx_word' id='word_1_50' title='bbox 1889 1045 1946 1112; x_wconf 90' lang='lat' dir='ltr'><strong>ille</strong></span> <span class='ocrx_word' id='word_1_51' title='bbox 1967 1067 2040 1112; x_wconf 87' lang='lat' dir='ltr'><strong>cum</strong></span> 
     </span>
     <span class='ocr_line' id='line_1_6' title="bbox 206 1151 2041 1247; baseline 0.003 -25"><span class='ocrx_word' id='word_1_52' title='bbox 206 1179 312 1244; x_wconf 83' lang='lat' dir='ltr'><strong>aquae</strong></span> <span class='ocrx_word' id='word_1_53' title='bbox 338 1159 445 1242; x_wconf 87' lang='lat' dir='ltr'><strong>specie</strong></span> <span class='ocrx_word' id='word_1_54' title='bbox 467 1156 541 1241; x_wconf 72' lang='lat' dir='ltr'><strong>(stt)</strong></span> <span class='ocrx_word' id='word_1_55' title='bbox 568 1151 677 1220; x_wconf 85' lang='lat' dir='ltr'><strong>Nilum</strong></span> <span class='ocrx_word' id='word_1_56' title='bbox 707 1154 899 1238; x_wconf 81' lang='lat' dir='ltr'><strong>coelestem,</strong></span> <span class='ocrx_word' id='word_1_57' title='bbox 929 1159 1000 1221; x_wconf 87' lang='lat' dir='ltr'><strong>siue</strong></span> <span class='ocrx_word' id='word_1_58' title='bbox 1021 1157 1195 1222; x_wconf 75' lang='lat' dir='ltr'><strong>zodiacum</strong></span> <span class='ocrx_word' id='word_1_59' title='bbox 1225 1181 1296 1224; x_wconf 87' lang='lat' dir='ltr'><strong>cum</strong></span> <span class='ocrx_word' id='word_1_60' title='bbox 1327 1158 1429 1224; x_wconf 81' lang='lat' dir='ltr'><strong>stellis</strong></span> <span class='ocrx_word' id='word_1_61' title='bbox 1453 1162 1520 1224; x_wconf 88' lang='lat' dir='ltr'><strong>suis</strong></span> <span class='ocrx_word' id='word_1_62' title='bbox 1542 1157 1712 1246; x_wconf 86' lang='lat' dir='ltr'><strong>significat.</strong></span> <span class='ocrx_word' id='word_1_63' title='bbox 1756 1158 1923 1247; x_wconf 81' lang='lat' dir='ltr'><strong>Apparent</strong></span> <span class='ocrx_word' id='word_1_64' title='bbox 1944 1163 2041 1227; x_wconf 87' lang='lat' dir='ltr'><strong>etiam</strong></span> 
     </span>
     <span class='ocr_line' id='line_1_7' title="bbox 168 1271 2037 1360; baseline 0.003 -21"><span class='ocrx_word' id='word_1_65' title='bbox 168 1355 170 1360; x_wconf 68' lang='lat'>,</span> <span class='ocrx_word' id='word_1_66' title='bbox 206 1277 271 1339; x_wconf 88' lang='lat' dir='ltr'><strong>duo</strong></span> <span class='ocrx_word' id='word_1_67' title='bbox 293 1272 462 1360; x_wconf 82' lang='lat' dir='ltr'><strong>ecliptieue</strong></span> <span class='ocrx_word' id='word_1_68' title='bbox 490 1271 744 1357; x_wconf 86' lang='lat' dir='ltr'><strong>hemisphaeria,</strong></span> <span class='ocrx_word' id='word_1_69' title='bbox 775 1272 896 1338; x_wconf 87' lang='lat' dir='ltr'><strong>scilicet</strong></span> <span class='ocrx_word' id='word_1_70' title='bbox 923 1276 1071 1358; x_wconf 83' lang='lat' dir='ltr'><strong>superius</strong></span> <span class='ocrx_word' id='word_1_71' title='bbox 1098 1287 1132 1338; x_wconf 91' lang='lat' dir='ltr'><strong>et</strong></span> <span class='ocrx_word' id='word_1_72' title='bbox 1159 1275 1313 1357; x_wconf 84' lang='lat' dir='ltr'><strong>inferius,</strong></span> <span class='ocrx_word' id='word_1_73' title='bbox 1345 1273 1481 1343; x_wconf 90' lang='lat' dir='ltr'><strong>alterum</strong></span> <span class='ocrx_word' id='word_1_74' title='bbox 1504 1277 1675 1354; x_wconf 83' lang='lat' dir='ltr'><strong>dextrum,</strong></span> <span class='ocrx_word' id='word_1_75' title='bbox 1705 1275 1841 1342; x_wconf 83' lang='lat' dir='ltr'><strong>ulturum</strong></span> <span class='ocrx_word' id='word_1_76' title='bbox 1862 1281 2037 1344; x_wconf 82' lang='lat' dir='ltr'><strong>sinistrum.</strong></span> 
     </span>
     <span class='ocr_line' id='line_1_8' title="bbox 205 1386 2038 1482; baseline 0.002 -26"><span class='ocrx_word' id='word_1_77' title='bbox 205 1389 310 1456; x_wconf 88' lang='lat' dir='ltr'><strong>Nauis</strong></span> <span class='ocrx_word' id='word_1_78' title='bbox 331 1392 416 1455; x_wconf 85' lang='lat' dir='ltr'><strong>eninr</strong></span> <span class='ocrx_word' id='word_1_79' title='bbox 442 1389 503 1455; x_wconf 78' lang='lat' dir='ltr'><strong>itta</strong></span> <span class='ocrx_word' id='word_1_80' title='bbox 524 1408 596 1452; x_wconf 92' lang='lat' dir='ltr'><strong>cum</strong></span> <span class='ocrx_word' id='word_1_81' title='bbox 619 1386 722 1452; x_wconf 86' lang='lat' dir='ltr'><strong>stellis</strong></span> <span class='ocrx_word' id='word_1_82' title='bbox 744 1391 811 1452; x_wconf 84' lang='lat' dir='ltr'><strong>tuis</strong></span> <span class='ocrx_word' id='word_1_83' title='bbox 833 1388 884 1476; x_wconf 88' lang='lat' dir='ltr'><strong>(P.</strong></span> <span class='ocrx_word' id='word_1_84' title='bbox 902 1389 929 1454; x_wconf 86' lang='lat' dir='ltr'><strong>l.</strong></span> <span class='ocrx_word' id='word_1_85' title='bbox 945 1394 977 1468; x_wconf 66' lang='grc' dir='ltr'><strong>ὅ.</strong></span> <span class='ocrx_word' id='word_1_86' title='bbox 994 1393 1047 1454; x_wconf 82' lang='grc'><strong>25.</strong></span> <span class='ocrx_word' id='word_1_87' title='bbox 1062 1413 1095 1478; x_wconf 89' lang='lat' dir='ltr'><strong>p.</strong></span> <span class='ocrx_word' id='word_1_88' title='bbox 1109 1393 1195 1476; x_wconf 71' lang='lat' dir='ltr'><strong>ot),</strong></span> <span class='ocrx_word' id='word_1_89' title='bbox 1226 1403 1261 1455; x_wconf 87' lang='lat' dir='ltr'><strong>rt</strong></span> <span class='ocrx_word' id='word_1_90' title='bbox 1282 1413 1327 1456; x_wconf 82' lang='lat' dir='ltr'><strong>ex</strong></span> <span class='ocrx_word' id='word_1_91' title='bbox 1349 1391 1529 1458; x_wconf 86' lang='lat' dir='ltr'><strong>nominibus</strong></span> <span class='ocrx_word' id='word_1_92' title='bbox 1550 1392 1664 1481; x_wconf 80' lang='lat' dir='ltr'><strong>figuris</strong></span> <span class='ocrx_word' id='word_1_93' title='bbox 1692 1396 1917 1482; x_wconf 81' lang='lat' dir='ltr'><strong>superscriptis</strong></span> <span class='ocrx_word' id='word_1_94' title='bbox 1935 1407 2038 1480; x_wconf 87' lang='lat' dir='ltr'><strong>patet,</strong></span> 
     </span>
     <span class='ocr_line' id='line_1_9' title="bbox 205 1501 2042 1603; baseline 0.002 -32"><span class='ocrx_word' id='word_1_95' title='bbox 205 1508 249 1571; x_wconf 88' lang='lat' dir='ltr'><strong>do</strong></span> <span class='ocrx_word' id='word_1_96' title='bbox 269 1527 334 1592; x_wconf 89' lang='lat' dir='ltr'><strong>quo</strong></span> <span class='ocrx_word' id='word_1_97' title='bbox 356 1506 442 1603; x_wconf 83' lang='lat' dir='ltr'><strong>infra</strong></span> <span class='ocrx_word' id='word_1_98' title='bbox 461 1505 585 1583; x_wconf 65' lang='lat' dir='ltr'><strong>ianus,</strong></span> <span class='ocrx_word' id='word_1_99' title='bbox 621 1501 783 1588; x_wconf 75' lang='lat' dir='ltr'><strong>significat</strong></span> <span class='ocrx_word' id='word_1_100' title='bbox 809 1508 935 1591; x_wconf 78' lang='lat' dir='ltr'><strong>signum</strong></span> <span class='ocrx_word' id='word_1_101' title='bbox 957 1517 1015 1588; x_wconf 74' lang='grc' dir='ltr'><strong>γ,</strong></span> <span class='ocrx_word' id='word_1_102' title='bbox 1047 1519 1144 1593; x_wconf 86' lang='lat' dir='ltr'><strong>atque</strong></span> <span class='ocrx_word' id='word_1_103' title='bbox 1171 1527 1244 1574; x_wconf 86' lang='lat' dir='ltr'><strong>cum</strong></span> <span class='ocrx_word' id='word_1_104' title='bbox 1267 1519 1306 1577; x_wconf 80' lang='grc' dir='ltr'>Υ</span> <span class='ocrx_word' id='word_1_105' title='bbox 1332 1506 1603 1594; x_wconf 76' lang='lat' dir='ltr'><strong>hemisphaerium</strong></span> <span class='ocrx_word' id='word_1_106' title='bbox 1623 1513 1769 1596; x_wconf 88' lang='lat' dir='ltr'><strong>superius</strong></span> <span class='ocrx_word' id='word_1_107' title='bbox 1789 1513 1910 1600; x_wconf 84' lang='lat' dir='ltr'><strong>incipit.</strong></span> <span class='ocrx_word' id='word_1_108' title='bbox 1953 1511 2042 1576; x_wconf 80' lang='lat' dir='ltr'><strong>Solis</strong></span> 
     </span>
     <span class='ocr_line' id='line_1_10' title="bbox 206 1621 2037 1710; baseline 0.006 -22"><span class='ocrx_word' id='word_1_109' title='bbox 206 1638 241 1688; x_wconf 91' lang='lat' dir='ltr'><strong>et</strong></span> <span class='ocrx_word' id='word_1_110' title='bbox 269 1623 385 1687; x_wconf 90' lang='lat' dir='ltr'><strong>Lunae</strong></span> <span class='ocrx_word' id='word_1_111' title='bbox 407 1621 536 1708; x_wconf 89' lang='lat' dir='ltr'><strong>quidem</strong></span> <span class='ocrx_word' id='word_1_112' title='bbox 563 1621 722 1705; x_wconf 73' lang='lat' dir='ltr'><strong>imagines</strong></span> <span class='ocrx_word' id='word_1_113' title='bbox 748 1621 784 1683; x_wconf 90' lang='lat' dir='ltr'><strong>in</strong></span> <span class='ocrx_word' id='word_1_114' title='bbox 809 1621 914 1685; x_wconf 88' lang='lat' dir='ltr'><strong>media</strong></span> <span class='ocrx_word' id='word_1_115' title='bbox 935 1643 1019 1686; x_wconf 90' lang='lat' dir='ltr'><strong>naue</strong></span> <span class='ocrx_word' id='word_1_116' title='bbox 1041 1625 1166 1708; x_wconf 87' lang='lat' dir='ltr'><strong>positae</strong></span> <span class='ocrx_word' id='word_1_117' title='bbox 1188 1625 1266 1686; x_wconf 88' lang='lat' dir='ltr'><strong>satis</strong></span> <span class='ocrx_word' id='word_1_118' title='bbox 1294 1621 1399 1688; x_wconf 88' lang='lat' dir='ltr'><strong>clarae</strong></span> <span class='ocrx_word' id='word_1_119' title='bbox 1428 1637 1512 1690; x_wconf 89' lang='lat' dir='ltr'><strong>sunt.</strong></span> <span class='ocrx_word' id='word_1_120' title='bbox 1558 1625 1656 1691; x_wconf 82' lang='lat' dir='ltr'><strong>Orbis</strong></span> <span class='ocrx_word' id='word_1_121' title='bbox 1677 1629 1762 1692; x_wconf 89' lang='lat' dir='ltr'><strong>enim</strong></span> <span class='ocrx_word' id='word_1_122' title='bbox 1786 1630 1841 1694; x_wconf 85' lang='lat' dir='ltr'><strong>vel</strong></span> <span class='ocrx_word' id='word_1_123' title='bbox 1865 1629 1970 1695; x_wconf 86' lang='lat' dir='ltr'><strong>diacus</strong></span> <span class='ocrx_word' id='word_1_124' title='bbox 1990 1628 2037 1710; x_wconf 82' lang='grc' dir='ltr'><strong>Θ,</strong></span> 
     </span>
     <span class='ocr_line' id='line_1_11' title="bbox 204 1733 2036 1831; baseline 0.003 -28"><span class='ocrx_word' id='word_1_125' title='bbox 204 1738 399 1804; x_wconf 80' lang='lat' dir='ltr'><strong>scarabaeus</strong></span> <span class='ocrx_word' id='word_1_126' title='bbox 420 1743 445 1816; x_wconf 67' lang='lat' dir='ltr'><strong>p</strong></span> <span class='ocrx_word' id='word_1_127' title='bbox 464 1733 657 1823; x_wconf 81' lang='lat' dir='ltr'><strong>significant,</strong></span> <span class='ocrx_word' id='word_1_128' title='bbox 680 1747 717 1797; x_wconf 88' lang='lat' dir='ltr'><strong>vt</strong></span> <span class='ocrx_word' id='word_1_129' title='bbox 736 1736 877 1802; x_wconf 88' lang='lat' dir='ltr'><strong>vidimus</strong></span> <span class='ocrx_word' id='word_1_130' title='bbox 899 1736 958 1817; x_wconf 87' lang='grc' dir='ltr'><strong>(ΙΙ.</strong></span> <span class='ocrx_word' id='word_1_131' title='bbox 974 1744 1065 1819; x_wconf 62' lang='grc'><strong>9.·14.</strong></span> <span class='ocrx_word' id='word_1_132' title='bbox 1081 1744 1112 1818; x_wconf 59' lang='lat' dir='ltr'><strong>d.</strong></span> <span class='ocrx_word' id='word_1_133' title='bbox 1127 1739 1418 1824; x_wconf 65' lang='lat' dir='ltr'><strong>reptantes).</strong></span> <span class='ocrx_word' id='word_1_134' title='bbox 1461 1743 1575 1828; x_wconf 85' lang='lat' dir='ltr'><strong>ltaque</strong></span> <span class='ocrx_word' id='word_1_135' title='bbox 1596 1745 1659 1806; x_wconf 85' lang='lat' dir='ltr'><strong>ium</strong></span> <span class='ocrx_word' id='word_1_136' title='bbox 1673 1747 1876 1831; x_wconf 85' lang='lat' dir='ltr'><strong>perspicuum</strong></span> <span class='ocrx_word' id='word_1_137' title='bbox 1896 1759 1957 1828; x_wconf 86' lang='lat' dir='ltr'><strong>est,</strong></span> <span class='ocrx_word' id='word_1_138' title='bbox 1980 1766 2036 1809; x_wconf 92' lang='lat' dir='ltr'><strong>cur</strong></span> 
     </span>
     <span class='ocr_line' id='line_1_12' title="bbox 202 1838 2110 1945; baseline 0.002 -25"><span class='ocrx_word' id='word_1_139' title='bbox 202 1857 360 1941; x_wconf 83' lang='lat' dir='ltr'><strong>Aegyptii</strong></span> <span class='ocrx_word' id='word_1_140' title='bbox 387 1856 503 1939; x_wconf 81' lang='lat' dir='ltr'><strong>partim</strong></span> <span class='ocrx_word' id='word_1_141' title='bbox 528 1849 658 1916; x_wconf 79' lang='lat' dir='ltr'><strong>zodiaci</strong></span> <span class='ocrx_word' id='word_1_142' title='bbox 681 1853 774 1914; x_wconf 86' lang='lat' dir='ltr'><strong>varia</strong></span> <span class='ocrx_word' id='word_1_143' title='bbox 802 1852 969 1939; x_wconf 83' lang='lat' dir='ltr'><strong>segmenta</strong></span> <span class='ocrx_word' id='word_1_144' title='bbox 990 1857 1122 1924; x_wconf 88' lang='lat' dir='ltr'><strong>nauium</strong></span> <span class='ocrx_word' id='word_1_145' title='bbox 1145 1858 1252 1942; x_wconf 85' lang='lat' dir='ltr'><strong>specie</strong></span> <span class='ocrx_word' id='word_1_146' title='bbox 1274 1858 1513 1944; x_wconf 84' lang='lat' dir='ltr'><strong>expresserint,</strong></span> <span class='ocrx_word' id='word_1_147' title='bbox 1542 1863 1658 1944; x_wconf 88' lang='lat' dir='ltr'><strong>partim</strong></span> <span class='ocrx_word' id='word_1_148' title='bbox 1675 1859 1822 1945; x_wconf 87' lang='lat' dir='ltr'><strong>planetas</strong></span> <span class='ocrx_word' id='word_1_149' title='bbox 1842 1865 1876 1926; x_wconf 90' lang='lat' dir='ltr'><strong>in</strong></span> <span class='ocrx_word' id='word_1_150' title='bbox 1898 1860 2037 1944; x_wconf 81' lang='lat' dir='ltr'><strong>nauigiis</strong></span> <span class='ocrx_word' id='word_1_151' title='bbox 2104 1838 2110 1846; x_wconf 41' lang='lat'>¹</span> 
     </span>
     <span class='ocr_line' id='line_1_13' title="bbox 199 1969 1164 2058; baseline 0.003 -25"><span class='ocrx_word' id='word_1_152' title='bbox 199 1974 327 2058; x_wconf 79' lang='lat' dir='ltr'><strong>positos</strong></span> <span class='ocrx_word' id='word_1_153' title='bbox 347 1973 381 2036; x_wconf 92' lang='lat' dir='ltr'><strong>in</strong></span> <span class='ocrx_word' id='word_1_154' title='bbox 402 1971 616 2037; x_wconf 85' lang='lat' dir='ltr'><strong>monumentis</strong></span> <span class='ocrx_word' id='word_1_155' title='bbox 637 1970 705 2034; x_wconf 89' lang='lat' dir='ltr'><strong>suis</strong></span> <span class='ocrx_word' id='word_1_156' title='bbox 726 1973 948 2038; x_wconf 82' lang='lat' dir='ltr'><strong>astronomicis</strong></span> <span class='ocrx_word' id='word_1_157' title='bbox 969 1969 1164 2037; x_wconf 63' lang='lat' dir='ltr'><strong>effluxum</strong></span> 
     </span>
    </p>
   </div>
   <div class='ocr_carea' id='block_1_3' title="bbox 262 2304 1979 2871">
    <p class='ocr_par' dir='ltr' id='par_1_3' title="bbox 262 2304 1979 2871">
     <span class='ocr_line' id='line_1_14' title="bbox 1063 2304 1975 2420; baseline 0 0"><span class='ocrx_word' id='word_1_158' title='bbox 1063 2304 1099 2420; x_wconf 82' lang='lat' dir='ltr'><strong>l·</strong></span> <span class='ocrx_word' id='word_1_159' title='bbox 1135 2315 1177 2394; x_wconf 84' lang='grc'><strong>4·</strong></span> <span class='ocrx_word' id='word_1_160' title='bbox 1290 2331 1294 2340; x_wconf 83' lang='grc'><strong>’</strong></span> <span class='ocrx_word' id='word_1_161' title='bbox 1972 2413 1975 2420; x_wconf 86' lang='grc'><em>,</em></span> 
     </span>
     <span class='ocr_line' id='line_1_15' title="bbox 262 2463 1979 2575; baseline 0.002 -25"><span class='ocrx_word' id='word_1_162' title='bbox 262 2463 401 2550; x_wconf 86' lang='lat' dir='ltr'><strong>Ordo</strong></span> <span class='ocrx_word' id='word_1_163' title='bbox 430 2468 637 2575; x_wconf 86' lang='lat' dir='ltr'><strong>primus</strong></span> <span class='ocrx_word' id='word_1_164' title='bbox 670 2469 1113 2555; x_wconf 85' lang='lat' dir='ltr'><strong>obseruationum</strong></span> <span class='ocrx_word' id='word_1_165' title='bbox 1141 2471 1617 2554; x_wconf 85' lang='lat' dir='ltr'><strong>astronomicarum</strong></span> <span class='ocrx_word' id='word_1_166' title='bbox 1643 2500 1669 2555; x_wconf 87' lang='lat' dir='ltr'><strong>a</strong></span> <span class='ocrx_word' id='word_1_167' title='bbox 1698 2471 1979 2554; x_wconf 87' lang='lat' dir='ltr'><strong>veteribus</strong></span> 
     </span>
     <span class='ocr_line' id='line_1_16' title="bbox 761 2597 1486 2710; baseline -0.008 -30"><span class='ocrx_word' id='word_1_168' title='bbox 761 2597 1047 2710; x_wconf 70' lang='lat' dir='ltr'><strong>Aegyptiis</strong></span> <span class='ocrx_word' id='word_1_169' title='bbox 1082 2597 1486 2704; x_wconf 87' lang='lat' dir='ltr'><strong>descriptarum.</strong></span> 
     </span>
     <span class='ocr_line' id='line_1_17' title="bbox 1005 2771 1255 2871; baseline -0.028 -25"><span class='ocrx_word' id='word_1_170' title='bbox 1005 2773 1204 2871; x_wconf 72' lang='lat' dir='ltr'><strong>specimen</strong></span> <span class='ocrx_word' id='word_1_171' title='bbox 1229 2771 1255 2840; x_wconf 92' lang='lat' dir='ltr'><strong>l.</strong></span> 
     </span>
    </p>
   </div>
   <div class='ocr_carea' id='block_1_4' title="bbox 801 2915 1434 3016">
    <p class='ocr_par' dir='ltr' id='par_1_4' title="bbox 801 2915 1434 3016">
     <span class='ocr_line' id='line_1_18' title="bbox 801 2915 1434 3016; baseline -0.014 -22"><span class='ocrx_word' id='word_1_172' title='bbox 801 2921 989 2996; x_wconf 78' lang='lat' dir='ltr'><strong>zodtiscuc</strong></span> <span class='ocrx_word' id='word_1_173' title='bbox 1020 2916 1276 3016; x_wconf 73' lang='lat' dir='ltr'><strong>Tentynit&#39;cus</strong></span> <span class='ocrx_word' id='word_1_174' title='bbox 1301 2915 1434 2987; x_wconf 76' lang='lat' dir='ltr'><strong>mutor.</strong></span> 
     </span>
    </p>
   </div>
   <div class='ocr_carea' id='block_1_5' title="bbox 488 3037 1812 3151">
    <p class='ocr_par' dir='ltr' id='par_1_5' title="bbox 488 3037 1812 3151">
     <span class='ocr_line' id='line_1_19' title="bbox 488 3037 1812 3151; baseline 0 -19"><span class='ocrx_word' id='word_1_175' title='bbox 488 3065 584 3132; x_wconf 88' lang='lat' dir='ltr'><strong>Dcsc.</strong></span> <span class='ocrx_word' id='word_1_176' title='bbox 607 3065 691 3151; x_wconf 83' lang='lat' dir='ltr'><strong>Aeg.</strong></span> <span class='ocrx_word' id='word_1_177' title='bbox 712 3065 790 3141; x_wconf 75' lang='lat' dir='ltr'><strong>Vol.</strong></span> <span class='ocrx_word' id='word_1_178' title='bbox 816 3067 875 3132; x_wconf 80' lang='lat' dir='ltr'><strong>IV.</strong></span> <span class='ocrx_word' id='word_1_179' title='bbox 897 3070 932 3133; x_wconf 96' lang='lat' dir='ltr'><strong>P.</strong></span> <span class='ocrx_word' id='word_1_180' title='bbox 952 3073 1002 3133; x_wconf 88' lang='grc'><strong>19.</strong></span> <span class='ocrx_word' id='word_1_181' title='bbox 1026 3067 1062 3133; x_wconf 86' lang='lat' dir='ltr'><strong>P.</strong></span> <span class='ocrx_word' id='word_1_182' title='bbox 1088 3073 1138 3132; x_wconf 89' lang='grc'><strong>18.</strong></span> <span class='ocrx_word' id='word_1_183' title='bbox 1160 3065 1236 3132; x_wconf 84' lang='lat' dir='ltr'><strong>vid.</strong></span> <span class='ocrx_word' id='word_1_184' title='bbox 1259 3064 1343 3132; x_wconf 81' lang='lat' dir='ltr'><strong>Tab.</strong></span> <span class='ocrx_word' id='word_1_185' title='bbox 1366 3062 1426 3130; x_wconf 87' lang='lat' dir='ltr'><strong>IV.</strong></span> <span class='ocrx_word' id='word_1_186' title='bbox 1450 3063 1546 3130; x_wconf 89' lang='lat' dir='ltr'><strong>huius</strong></span> <span class='ocrx_word' id='word_1_187' title='bbox 1570 3065 1754 3132; x_wconf 84' lang='lat' dir='ltr'><strong>voluminis.</strong></span> <span class='ocrx_word' id='word_1_188' title='bbox 1807 3037 1812 3048; x_wconf 29' lang='grc' dir='ltr'>ι</span> 
     </span>
    </p>
   </div>
   <div class='ocr_carea' id='block_1_6' title="bbox 1058 3229 1172 3240">
    <p class='ocr_par' dir='ltr' id='par_1_6' title="bbox 1058 3229 1172 3240">
     <span class='ocr_line' id='line_1_20' title="bbox 1058 3229 1172 3240; baseline -0.018 0"><span class='ocrx_word' id='word_1_189' title='bbox 1058 3229 1172 3240; x_wconf 55' lang='grc' dir='ltr'><strong>ἰι-*-</strong></span> 
     </span>
    </p>
   </div>
   <div class='ocr_carea' id='block_1_7' title="bbox 964 3315 1271 3390">
    <p class='ocr_par' dir='ltr' id='par_1_7' title="bbox 964 3315 1271 3390">
     <span class='ocr_line' id='line_1_21' title="bbox 964 3315 1271 3390; baseline -0.013 -1"><span class='ocrx_word' id='word_1_190' title='bbox 964 3317 990 3389; x_wconf 91' lang='lat' dir='ltr'><strong>l.</strong></span> <span class='ocrx_word' id='word_1_191' title='bbox 1023 3315 1271 3390; x_wconf 73' lang='lat' dir='ltr'><strong>Introducta.</strong></span> 
     </span>
    </p>
   </div>
   <div class='ocr_carea' id='block_1_8' title="bbox 175 3481 2034 5088">
    <p class='ocr_par' dir='ltr' id='par_1_8' title="bbox 175 3481 2034 5088">
     <span class='ocr_line' id='line_1_22' title="bbox 288 3481 2030 3578; baseline -0.003 -27"><span class='ocrx_word' id='word_1_192' title='bbox 288 3487 395 3551; x_wconf 84' lang='lat' dir='ltr'><strong>Prima</strong></span> <span class='ocrx_word' id='word_1_193' title='bbox 415 3485 605 3569; x_wconf 85' lang='lat' dir='ltr'><strong>scriptorum</strong></span> <span class='ocrx_word' id='word_1_194' title='bbox 628 3481 1189 3569; x_wconf 82' lang='lat' dir='ltr'><strong>hieroglyphice-astronomicarum</strong></span> <span class='ocrx_word' id='word_1_195' title='bbox 1210 3483 1322 3578; x_wconf 83' lang='lat' dir='ltr'><strong>classis</strong></span> <span class='ocrx_word' id='word_1_196' title='bbox 1337 3507 1376 3550; x_wconf 90' lang='lat' dir='ltr'><strong>eo</strong></span> <span class='ocrx_word' id='word_1_197' title='bbox 1391 3489 1590 3573; x_wconf 86' lang='lat' dir='ltr'><strong>potissimum</strong></span> <span class='ocrx_word' id='word_1_198' title='bbox 1612 3481 1720 3547; x_wconf 85' lang='lat' dir='ltr'><strong>differt</strong></span> <span class='ocrx_word' id='word_1_199' title='bbox 1741 3502 1761 3547; x_wconf 89' lang='lat' dir='ltr'><strong>a</strong></span> <span class='ocrx_word' id='word_1_200' title='bbox 1781 3483 1924 3568; x_wconf 76' lang='lat' dir='ltr'><strong>reliquis,</strong></span> <span class='ocrx_word' id='word_1_201' title='bbox 1947 3483 2030 3567; x_wconf 92' lang='lat' dir='ltr'><strong>quud</strong></span> 
     </span>
     <span class='ocr_line' id='line_1_23' title="bbox 183 3597 2031 3695; baseline -0.004 -26"><span class='ocrx_word' id='word_1_202' title='bbox 183 3599 301 3695; x_wconf 82' lang='lat' dir='ltr'><strong>quarn</strong></span> <span class='ocrx_word' id='word_1_203' title='bbox 328 3597 484 3686; x_wconf 83' lang='lat' dir='ltr'><strong>plurimas</strong></span> <span class='ocrx_word' id='word_1_204' title='bbox 514 3598 598 3664; x_wconf 91' lang='lat' dir='ltr'><strong>coeli</strong></span> <span class='ocrx_word' id='word_1_205' title='bbox 620 3611 730 3684; x_wconf 85' lang='lat' dir='ltr'><strong>partes</strong></span> <span class='ocrx_word' id='word_1_206' title='bbox 757 3615 802 3672; x_wconf 78' lang='lat' dir='ltr'><strong>ct,</strong></span> <span class='ocrx_word' id='word_1_207' title='bbox 818 3599 930 3666; x_wconf 76' lang='lat' dir='ltr'><strong>stellam</strong></span> <span class='ocrx_word' id='word_1_208' title='bbox 950 3601 1042 3668; x_wconf 83' lang='lat' dir='ltr'><strong>fixas</strong></span> <span class='ocrx_word' id='word_1_209' title='bbox 1068 3605 1173 3668; x_wconf 75' lang='lat' dir='ltr'><strong>ruiis·</strong></span> <span class='ocrx_word' id='word_1_210' title='bbox 1192 3600 1388 3689; x_wconf 78' lang='lat' dir='ltr'><strong>insaginibus</strong></span> <span class='ocrx_word' id='word_1_211' title='bbox 1409 3597 1614 3664; x_wconf 86' lang='lat' dir='ltr'><strong>adumbratas</strong></span> <span class='ocrx_word' id='word_1_212' title='bbox 1640 3602 1783 3664; x_wconf 76' lang='lat' dir='ltr'><strong>confines</strong></span> <span class='ocrx_word' id='word_1_213' title='bbox 1803 3610 1901 3682; x_wconf 85' lang='lat' dir='ltr'><strong>atque</strong></span> <span class='ocrx_word' id='word_1_214' title='bbox 1922 3599 2031 3682; x_wconf 87' lang='lat' dir='ltr'><strong>copio-</strong></span> 
     </span>
     <span class='ocr_line' id='line_1_24' title="bbox 181 3713 2034 3804; baseline -0.002 -22"><span class='ocrx_word' id='word_1_215' title='bbox 181 3722 329 3790; x_wconf 68' lang='lat' dir='ltr'><strong>sissime</strong></span> <span class='ocrx_word' id='word_1_216' title='bbox 349 3718 528 3803; x_wconf 84' lang='lat' dir='ltr'><strong>positiones</strong></span> <span class='ocrx_word' id='word_1_217' title='bbox 551 3715 753 3802; x_wconf 78' lang='lat' dir='ltr'><strong>planetarum</strong></span> <span class='ocrx_word' id='word_1_218' title='bbox 783 3715 946 3784; x_wconf 87' lang='lat' dir='ltr'><strong>describit.</strong></span> <span class='ocrx_word' id='word_1_219' title='bbox 990 3717 1144 3786; x_wconf 68' lang='lat' dir='ltr'><strong>Ceterum</strong></span> <span class='ocrx_word' id='word_1_220' title='bbox 1162 3732 1273 3784; x_wconf 83' lang='lat' dir='ltr'><strong>notam</strong></span> <span class='ocrx_word' id='word_1_221' title='bbox 1295 3713 1489 3804; x_wconf 80' lang='lat' dir='ltr'><strong>peculiarem</strong></span> <span class='ocrx_word' id='word_1_222' title='bbox 1511 3713 1620 3796; x_wconf 88' lang='lat' dir='ltr'><strong>habet,</strong></span> <span class='ocrx_word' id='word_1_223' title='bbox 1644 3713 1865 3780; x_wconf 78' lang='lat' dir='ltr'><strong>nautmtamm</strong></span> <span class='ocrx_word' id='word_1_224' title='bbox 1888 3727 2034 3779; x_wconf 86' lang='lat' dir='ltr'><strong>astrono-</strong></span> 
     </span>
     <span class='ocr_line' id='line_1_25' title="bbox 180 3829 2031 3922; baseline -0.005 -15"><span class='ocrx_word' id='word_1_225' title='bbox 180 3840 358 3907; x_wconf 77' lang='lat' dir='ltr'><strong>micarum</strong></span> <span class='ocrx_word' id='word_1_226' title='bbox 378 3833 611 3918; x_wconf 78' lang='lat' dir='ltr'><strong>frequentium,</strong></span> <span class='ocrx_word' id='word_1_227' title='bbox 639 3833 756 3922; x_wconf 67' lang='lat' dir='ltr'><strong>umbus</strong></span> <span class='ocrx_word' id='word_1_228' title='bbox 783 3847 851 3900; x_wconf 89' lang='lat' dir='ltr'><strong>tum</strong></span> <span class='ocrx_word' id='word_1_229' title='bbox 876 3833 1046 3921; x_wconf 55' lang='lat' dir='ltr'><strong>metae,</strong></span> <span class='ocrx_word' id='word_1_230' title='bbox 1079 3849 1147 3900; x_wconf 81' lang='lat' dir='ltr'><strong>tunt</strong></span> <span class='ocrx_word' id='word_1_231' title='bbox 1168 3835 1286 3899; x_wconf 74' lang='lat' dir='ltr'><strong>donini</strong></span> <span class='ocrx_word' id='word_1_232' title='bbox 1307 3845 1545 3918; x_wconf 82' lang='lat' dir='ltr'><strong>segmentomm</strong></span> <span class='ocrx_word' id='word_1_233' title='bbox 1565 3829 1783 3897; x_wconf 85' lang='lat' dir='ltr'><strong>zodiacalinnt</strong></span> <span class='ocrx_word' id='word_1_234' title='bbox 1806 3846 1839 3897; x_wconf 89' lang='lat' dir='ltr'><strong>et</strong></span> <span class='ocrx_word' id='word_1_235' title='bbox 1862 3833 2031 3912; x_wconf 75' lang='lat' dir='ltr'><strong>mriomm,</strong></span> 
     </span>
     <span class='ocr_line' id='line_1_26' title="bbox 182 3945 2032 4039; baseline -0.004 -17"><span class='ocrx_word' id='word_1_236' title='bbox 182 3967 239 4023; x_wconf 78' lang='lat' dir='ltr'><strong>et</strong></span> <span class='ocrx_word' id='word_1_237' title='bbox 258 3954 419 4020; x_wconf 80' lang='lat' dir='ltr'><strong>minorum</strong></span> <span class='ocrx_word' id='word_1_238' title='bbox 438 3949 515 4018; x_wconf 81' lang='lat' dir='ltr'><strong>relti</strong></span> <span class='ocrx_word' id='word_1_239' title='bbox 534 3949 712 4039; x_wconf 77' lang='lat' dir='ltr'><strong>finguntur.</strong></span> <span class='ocrx_word' id='word_1_240' title='bbox 754 3951 811 4016; x_wconf 78' lang='lat' dir='ltr'><strong>Ex</strong></span> <span class='ocrx_word' id='word_1_241' title='bbox 824 3951 889 4018; x_wconf 88' lang='lat' dir='ltr'><strong>hoc</strong></span> <span class='ocrx_word' id='word_1_242' title='bbox 906 3975 1024 4038; x_wconf 79' lang='lat' dir='ltr'><strong>genera</strong></span> <span class='ocrx_word' id='word_1_243' title='bbox 1048 3967 1099 4020; x_wconf 84' lang='lat' dir='ltr'><strong>est</strong></span> <span class='ocrx_word' id='word_1_244' title='bbox 1115 3947 1274 4017; x_wconf 80' lang='lat' dir='ltr'><strong>zodiacus</strong></span> <span class='ocrx_word' id='word_1_245' title='bbox 1292 3945 1520 4031; x_wconf 54' lang='lat' dir='ltr'><strong>Teutonicas,</strong></span> <span class='ocrx_word' id='word_1_246' title='bbox 1543 3949 1598 4035; x_wconf 91' lang='lat' dir='ltr'><strong>qui</strong></span> <span class='ocrx_word' id='word_1_247' title='bbox 1619 3949 1745 4035; x_wconf 78' lang='lat' dir='ltr'><strong>diciorr,</strong></span> <span class='ocrx_word' id='word_1_248' title='bbox 1766 3955 1868 4016; x_wconf 88' lang='lat' dir='ltr'><strong>maior</strong></span> <span class='ocrx_word' id='word_1_249' title='bbox 1890 3971 1962 4015; x_wconf 87' lang='lat' dir='ltr'><strong>cnm</strong></span> <span class='ocrx_word' id='word_1_250' title='bbox 1982 3955 2032 4015; x_wconf 86' lang='lat' dir='ltr'><strong>in-</strong></span> 
     </span>
     <span class='ocr_line' id='line_1_27' title="bbox 184 4062 2031 4158; baseline -0.001 -24"><span class='ocrx_word' id='word_1_251' title='bbox 184 4065 430 4154; x_wconf 74' lang='lat' dir='ltr'><strong>scriptionibus</strong></span> <span class='ocrx_word' id='word_1_252' title='bbox 452 4069 529 4132; x_wconf 89' lang='lat' dir='ltr'><strong>suis.</strong></span> <span class='ocrx_word' id='word_1_253' title='bbox 573 4067 702 4134; x_wconf 86' lang='lat' dir='ltr'><strong>Rudcra</strong></span> <span class='ocrx_word' id='word_1_254' title='bbox 721 4067 811 4132; x_wconf 85' lang='lat' dir='ltr'><strong>vrbis</strong></span> <span class='ocrx_word' id='word_1_255' title='bbox 833 4067 997 4154; x_wconf 81' lang='lat' dir='ltr'><strong>Tentyrae</strong></span> <span class='ocrx_word' id='word_1_256' title='bbox 1019 4074 1221 4158; x_wconf 82' lang='lat' dir='ltr'><strong>reperiuntur</strong></span> <span class='ocrx_word' id='word_1_257' title='bbox 1241 4062 1326 4148; x_wconf 89' lang='lat' dir='ltr'><strong>apud</strong></span> <span class='ocrx_word' id='word_1_258' title='bbox 1348 4084 1469 4152; x_wconf 77' lang='lat' dir='ltr'><strong>pagum</strong></span> <span class='ocrx_word' id='word_1_259' title='bbox 1490 4087 1575 4132; x_wconf 87' lang='lat' dir='ltr'><strong>nnnc</strong></span> <span class='ocrx_word' id='word_1_260' title='bbox 1597 4065 1769 4132; x_wconf 83' lang='lat' dir='ltr'><strong>Dendereh</strong></span> <span class='ocrx_word' id='word_1_261' title='bbox 1791 4082 1939 4133; x_wconf 86' lang='lat' dir='ltr'><strong>vocatum</strong></span> <span class='ocrx_word' id='word_1_262' title='bbox 1961 4067 2031 4132; x_wconf 91' lang='lat' dir='ltr'><strong>lon·</strong></span> 
     </span>
     <span class='ocr_line' id='line_1_28' title="bbox 185 4179 2032 4277; baseline -0.001 -28"><span class='ocrx_word' id='word_1_263' title='bbox 185 4184 349 4277; x_wconf 84' lang='lat' dir='ltr'><strong>gitudine</strong></span> <span class='ocrx_word' id='word_1_264' title='bbox 369 4186 430 4248; x_wconf 77' lang='lat'><strong>300</strong></span> <span class='ocrx_word' id='word_1_265' title='bbox 455 4183 510 4248; x_wconf 83' lang='lat'><strong>20¹</strong></span> <span class='ocrx_word' id='word_1_266' title='bbox 529 4184 608 4265; x_wconf 58' lang='lat'><strong>42¹2</strong></span> <span class='ocrx_word' id='word_1_267' title='bbox 628 4183 798 4252; x_wconf 86' lang='lat' dir='ltr'><strong>latitudine</strong></span> <span class='ocrx_word' id='word_1_268' title='bbox 819 4191 880 4250; x_wconf 74' lang='lat'><strong>20⁰</strong></span> <span class='ocrx_word' id='word_1_269' title='bbox 904 4187 937 4252; x_wconf 81' lang='lat'><strong>8¹</strong></span> <span class='ocrx_word' id='word_1_270' title='bbox 957 4188 1033 4269; x_wconf 73' lang='lat'><strong>36⁰,</strong></span> <span class='ocrx_word' id='word_1_271' title='bbox 1054 4191 1134 4266; x_wconf 80' lang='lat' dir='ltr'><strong>eine,</strong></span> <span class='ocrx_word' id='word_1_272' title='bbox 1156 4193 1196 4247; x_wconf 82' lang='lat' dir='ltr'><strong>ut</strong></span> <span class='ocrx_word' id='word_1_273' title='bbox 1212 4179 1419 4248; x_wconf 85' lang='lat' dir='ltr'><strong>Ptolemaeus</strong></span> <span class='ocrx_word' id='word_1_274' title='bbox 1439 4181 1520 4267; x_wconf 87' lang='lat' dir='ltr'><strong>vult,</strong></span> <span class='ocrx_word' id='word_1_275' title='bbox 1543 4188 1605 4249; x_wconf 79' lang='lat'><strong>260</strong></span> <span class='ocrx_word' id='word_1_276' title='bbox 1630 4187 1683 4248; x_wconf 74' lang='grc' dir='ltr'><strong>1οΙ</strong></span> <span class='ocrx_word' id='word_1_277' title='bbox 1695 4183 1735 4269; x_wconf 78' lang='grc'><strong>*).</strong></span> <span class='ocrx_word' id='word_1_278' title='bbox 1777 4183 1903 4248; x_wconf 80' lang='lat' dir='ltr'><strong>Ibidem</strong></span> <span class='ocrx_word' id='word_1_279' title='bbox 1921 4181 2032 4248; x_wconf 84' lang='lat' dir='ltr'><strong>excel·</strong></span> 
     </span>
     <span class='ocr_line' id='line_1_29' title="bbox 189 4295 2031 4386; baseline -0.005 -15"><span class='ocrx_word' id='word_1_280' title='bbox 189 4309 276 4371; x_wconf 82' lang='lat' dir='ltr'><strong>lunt</strong></span> <span class='ocrx_word' id='word_1_281' title='bbox 298 4303 361 4365; x_wconf 88' lang='lat' dir='ltr'><strong>duo</strong></span> <span class='ocrx_word' id='word_1_282' title='bbox 380 4300 511 4386; x_wconf 86' lang='lat' dir='ltr'><strong>templa,</strong></span> <span class='ocrx_word' id='word_1_283' title='bbox 527 4299 663 4365; x_wconf 85' lang='lat' dir='ltr'><strong>alterum</strong></span> <span class='ocrx_word' id='word_1_284' title='bbox 684 4304 830 4368; x_wconf 86' lang='lat' dir='ltr'><strong>maxime</strong></span> <span class='ocrx_word' id='word_1_285' title='bbox 851 4319 990 4385; x_wconf 62' lang='lat' dir='ltr'><strong>vastum</strong></span> <span class='ocrx_word' id='word_1_286' title='bbox 1013 4301 1147 4368; x_wconf 85' lang='lat' dir='ltr'><strong>alterum</strong></span> <span class='ocrx_word' id='word_1_287' title='bbox 1163 4299 1263 4364; x_wconf 84' lang='lat' dir='ltr'><strong>multo</strong></span> <span class='ocrx_word' id='word_1_288' title='bbox 1285 4303 1401 4384; x_wconf 83' lang='lat' dir='ltr'><strong>minus,</strong></span> <span class='ocrx_word' id='word_1_289' title='bbox 1425 4303 1602 4366; x_wconf 86' lang='lat' dir='ltr'><strong>accuratius</strong></span> <span class='ocrx_word' id='word_1_290' title='bbox 1621 4319 1641 4362; x_wconf 87' lang='lat' dir='ltr'><strong>a</strong></span> <span class='ocrx_word' id='word_1_291' title='bbox 1659 4298 1780 4362; x_wconf 74' lang='lat' dir='ltr'><strong>Iollor&#39;c</strong></span> <span class='ocrx_word' id='word_1_292' title='bbox 1800 4311 1833 4364; x_wconf 86' lang='lat' dir='ltr'><strong>et</strong></span> <span class='ocrx_word' id='word_1_293' title='bbox 1850 4295 2031 4364; x_wconf 61' lang='lat' dir='ltr'><strong>Booten</strong></span> 
     </span>
     <span class='ocr_line' id='line_1_30' title="bbox 192 4413 2030 4504; baseline -0.004 -16"><span class='ocrx_word' id='word_1_294' title='bbox 192 4423 235 4488; x_wconf 62' lang='lat' dir='ltr'><strong>l.</strong></span> <span class='ocrx_word' id='word_1_295' title='bbox 252 4416 275 4482; x_wconf 89' lang='lat' dir='ltr'><strong>l.</strong></span> <span class='ocrx_word' id='word_1_296' title='bbox 298 4417 472 4503; x_wconf 69' lang='lat' dir='ltr'><strong>descripta..</strong></span> <span class='ocrx_word' id='word_1_297' title='bbox 506 4415 613 4484; x_wconf 78' lang='lat' dir='ltr'><strong>Huius</strong></span> <span class='ocrx_word' id='word_1_298' title='bbox 633 4421 667 4486; x_wconf 92' lang='lat' dir='ltr'><strong>iu</strong></span> <span class='ocrx_word' id='word_1_299' title='bbox 689 4417 802 4504; x_wconf 81' lang='lat' dir='ltr'><strong>templi</strong></span> <span class='ocrx_word' id='word_1_300' title='bbox 822 4423 956 4489; x_wconf 83' lang='lat' dir='ltr'><strong>rt-aioris</strong></span> <span class='ocrx_word' id='word_1_301' title='bbox 974 4420 1099 4486; x_wconf 84' lang='lat' dir='ltr'><strong>Prnuuo</strong></span> <span class='ocrx_word' id='word_1_302' title='bbox 1122 4431 1233 4482; x_wconf 81' lang='lat' dir='ltr'><strong>exstet</strong></span> <span class='ocrx_word' id='word_1_303' title='bbox 1254 4421 1286 4482; x_wconf 91' lang='lat' dir='ltr'><strong>in</strong></span> <span class='ocrx_word' id='word_1_304' title='bbox 1312 4431 1395 4484; x_wconf 84' lang='lat' dir='ltr'><strong>tecto</strong></span> <span class='ocrx_word' id='word_1_305' title='bbox 1416 4419 1648 4482; x_wconf 78' lang='lat' dir='ltr'><strong>famosissimus</strong></span> <span class='ocrx_word' id='word_1_306' title='bbox 1666 4413 1724 4480; x_wconf 89' lang='lat' dir='ltr'><strong>ille</strong></span> <span class='ocrx_word' id='word_1_307' title='bbox 1747 4415 1916 4496; x_wconf 63' lang='lat' dir='ltr'><strong>zoelicum</strong></span> <span class='ocrx_word' id='word_1_308' title='bbox 1936 4436 2030 4503; x_wconf 83' lang='lat' dir='ltr'><strong>quem</strong></span> 
     </span>
     <span class='ocr_line' id='line_1_31' title="bbox 189 4529 2030 4620; baseline -0.003 -15"><span class='ocrx_word' id='word_1_309' title='bbox 189 4533 435 4605; x_wconf 72' lang='lat' dir='ltr'><strong>noasrattone</strong></span> <span class='ocrx_word' id='word_1_310' title='bbox 455 4534 650 4620; x_wconf 81' lang='lat' dir='ltr'><strong>explicaturi</strong></span> <span class='ocrx_word' id='word_1_311' title='bbox 670 4555 790 4601; x_wconf 80' lang='lat' dir='ltr'><strong>sumus.</strong></span> <span class='ocrx_word' id='word_1_312' title='bbox 834 4535 959 4602; x_wconf 88' lang='lat' dir='ltr'><strong>Primus</strong></span> <span class='ocrx_word' id='word_1_313' title='bbox 983 4537 1045 4603; x_wconf 87' lang='lat' dir='ltr'><strong>hoo</strong></span> <span class='ocrx_word' id='word_1_314' title='bbox 1063 4549 1304 4602; x_wconf 81' lang='lat' dir='ltr'><strong>monumentum</strong></span> <span class='ocrx_word' id='word_1_315' title='bbox 1324 4533 1565 4600; x_wconf 88' lang='lat' dir='ltr'><strong>celeberrimum</strong></span> <span class='ocrx_word' id='word_1_316' title='bbox 1585 4535 1711 4598; x_wconf 84' lang='lat' dir='ltr'><strong>inuenit</strong></span> <span class='ocrx_word' id='word_1_317' title='bbox 1723 4529 1867 4615; x_wconf 67' lang='grc' dir='ltr'><strong>Βοιαιὶτ,</strong></span> <span class='ocrx_word' id='word_1_318' title='bbox 1887 4533 2030 4619; x_wconf 86' lang='lat' dir='ltr'><strong>peditum</strong></span> 
     </span>
     <span class='ocr_line' id='line_1_32' title="bbox 184 4648 2030 4745; baseline -0.002 -25"><span class='ocrx_word' id='word_1_319' title='bbox 184 4651 405 4745; x_wconf 79' lang='lat' dir='ltr'><strong>praelectus,</strong></span> <span class='ocrx_word' id='word_1_320' title='bbox 427 4669 522 4733; x_wconf 86' lang='lat' dir='ltr'><strong>quum</strong></span> <span class='ocrx_word' id='word_1_321' title='bbox 541 4651 709 4738; x_wconf 63' lang='lat' dir='ltr'><strong>Aegyptus</strong></span> <span class='ocrx_word' id='word_1_322' title='bbox 729 4671 750 4714; x_wconf 87' lang='lat' dir='ltr'><strong>a</strong></span> <span class='ocrx_word' id='word_1_323' title='bbox 768 4649 990 4740; x_wconf 80' lang='lat' dir='ltr'><strong>Franoogallis</strong></span> <span class='ocrx_word' id='word_1_324' title='bbox 1014 4667 1225 4737; x_wconf 85' lang='lat' dir='ltr'><strong>occuparetur</strong></span> <span class='ocrx_word' id='word_1_325' title='bbox 1247 4652 1373 4738; x_wconf 76' lang='lat'><strong>(1⁷99).</strong></span> <span class='ocrx_word' id='word_1_326' title='bbox 1415 4648 1510 4726; x_wconf 80' lang='lat' dir='ltr'><strong>Quod</strong></span> <span class='ocrx_word' id='word_1_327' title='bbox 1534 4665 1757 4736; x_wconf 78' lang='lat' dir='ltr'><strong>argumentum</strong></span> <span class='ocrx_word' id='word_1_328' title='bbox 1781 4651 1877 4716; x_wconf 83' lang='lat' dir='ltr'><strong>huius</strong></span> <span class='ocrx_word' id='word_1_329' title='bbox 1898 4653 2030 4734; x_wconf 88' lang='lat' dir='ltr'><strong>inscrip-</strong></span> 
     </span>
     <span class='ocr_line' id='line_1_33' title="bbox 183 4763 2029 4853; baseline -0.003 -15"><span class='ocrx_word' id='word_1_330' title='bbox 183 4770 305 4840; x_wconf 80' lang='lat' dir='ltr'><strong>tionis</strong></span> <span class='ocrx_word' id='word_1_331' title='bbox 325 4766 558 4831; x_wconf 82' lang='lat' dir='ltr'><strong>astronomicae</strong></span> <span class='ocrx_word' id='word_1_332' title='bbox 578 4771 711 4847; x_wconf 82' lang='lat' dir='ltr'><strong>attinet,</strong></span> <span class='ocrx_word' id='word_1_333' title='bbox 732 4781 889 4853; x_wconf 86' lang='lat' dir='ltr'><strong>putarunt</strong></span> <span class='ocrx_word' id='word_1_334' title='bbox 907 4772 970 4834; x_wconf 81' lang='lat' dir='ltr'><strong>riri</strong></span> <span class='ocrx_word' id='word_1_335' title='bbox 990 4767 1041 4834; x_wconf 91' lang='lat' dir='ltr'><strong>illi</strong></span> <span class='ocrx_word' id='word_1_336' title='bbox 1059 4769 1195 4850; x_wconf 75' lang='lat' dir='ltr'><strong>hudcti,</strong></span> <span class='ocrx_word' id='word_1_337' title='bbox 1219 4787 1259 4831; x_wconf 88' lang='lat' dir='ltr'><strong>eu</strong></span> <span class='ocrx_word' id='word_1_338' title='bbox 1279 4768 1436 4832; x_wconf 83' lang='lat' dir='ltr'><strong>contineri</strong></span> <span class='ocrx_word' id='word_1_339' title='bbox 1457 4765 1714 4835; x_wconf 85' lang='lat' dir='ltr'><strong>constellationes</strong></span> <span class='ocrx_word' id='word_1_340' title='bbox 1735 4780 1832 4834; x_wconf 83' lang='lat' dir='ltr'><strong>extra</strong></span> <span class='ocrx_word' id='word_1_341' title='bbox 1855 4763 2029 4832; x_wconf 83' lang='lat' dir='ltr'><strong>zodiacum</strong></span> 
     </span>
     <span class='ocr_line' id='line_1_34' title="bbox 175 4881 2029 4984; baseline -0.001 -34"><span class='ocrx_word' id='word_1_342' title='bbox 175 4887 348 4984; x_wconf 77' lang='lat' dir='ltr'><strong>pesitus,</strong></span> <span class='ocrx_word' id='word_1_343' title='bbox 369 4883 416 4948; x_wconf 84' lang='lat' dir='ltr'><strong>ita</strong></span> <span class='ocrx_word' id='word_1_344' title='bbox 437 4895 474 4947; x_wconf 84' lang='lat' dir='ltr'><strong>rt</strong></span> <span class='ocrx_word' id='word_1_345' title='bbox 496 4885 689 4952; x_wconf 81' lang='lat' dir='ltr'><strong>totiustecti</strong></span> <span class='ocrx_word' id='word_1_346' title='bbox 708 4882 846 4950; x_wconf 80' lang='lat' dir='ltr'><strong>ambitus</strong></span> <span class='ocrx_word' id='word_1_347' title='bbox 869 4883 1027 4951; x_wconf 62' lang='lat' dir='ltr'><strong>crimme</strong></span> <span class='ocrx_word' id='word_1_348' title='bbox 1045 4907 1158 4950; x_wconf 75' lang='lat' dir='ltr'><strong>venat</strong></span> <span class='ocrx_word' id='word_1_349' title='bbox 1187 4881 1460 4969; x_wconf 85' lang='lat' dir='ltr'><strong>planisplraerium</strong></span> <span class='ocrx_word' id='word_1_350' title='bbox 1483 4882 1634 4950; x_wconf 80' lang='lat' dir='ltr'><strong>coeleste.</strong></span> <span class='ocrx_word' id='word_1_351' title='bbox 1674 4883 1727 4950; x_wconf 90' lang='lat' dir='ltr'><strong>De</strong></span> <span class='ocrx_word' id='word_1_352' title='bbox 1747 4907 1810 4972; x_wconf 81' lang='lat' dir='ltr'><strong>quo</strong></span> <span class='ocrx_word' id='word_1_353' title='bbox 1831 4905 1920 4948; x_wconf 84' lang='lat' dir='ltr'><strong>nunc</strong></span> <span class='ocrx_word' id='word_1_354' title='bbox 1936 4881 2029 4950; x_wconf 87' lang='lat' dir='ltr'><strong>aliter</strong></span> 
     </span>
     <span class='ocr_line' id='line_1_35' title="bbox 177 4997 2029 5088; baseline -0.002 -17"><span class='ocrx_word' id='word_1_355' title='bbox 177 5001 349 5076; x_wconf 82' lang='lat' dir='ltr'><strong>iudicare</strong></span> <span class='ocrx_word' id='word_1_356' title='bbox 367 4997 486 5066; x_wconf 89' lang='lat' dir='ltr'><strong>licebit.</strong></span> <span class='ocrx_word' id='word_1_357' title='bbox 531 4997 699 5088; x_wconf 87' lang='lat' dir='ltr'><strong>Inscriptio</strong></span> <span class='ocrx_word' id='word_1_358' title='bbox 725 5004 810 5067; x_wconf 91' lang='lat' dir='ltr'><strong>enim</strong></span> <span class='ocrx_word' id='word_1_359' title='bbox 834 5002 1002 5066; x_wconf 82' lang='lat' dir='ltr'><strong>diatonon</strong></span> <span class='ocrx_word' id='word_1_360' title='bbox 1023 5002 1178 5080; x_wconf 86' lang='lat' dir='ltr'><strong>continet,</strong></span> <span class='ocrx_word' id='word_1_361' title='bbox 1194 5002 1261 5064; x_wconf 85' lang='lat' dir='ltr'><strong>nisi</strong></span> <span class='ocrx_word' id='word_1_362' title='bbox 1282 5003 1376 5086; x_wconf 79' lang='lat' dir='ltr'><strong>sigua</strong></span> <span class='ocrx_word' id='word_1_363' title='bbox 1388 5000 1531 5083; x_wconf 79' lang='lat' dir='ltr'><strong>zodiaci,</strong></span> <span class='ocrx_word' id='word_1_364' title='bbox 1545 4999 1692 5088; x_wconf 80' lang='lat' dir='ltr'><strong>planetas</strong></span> <span class='ocrx_word' id='word_1_365' title='bbox 1707 5014 1741 5066; x_wconf 88' lang='lat' dir='ltr'><strong>et</strong></span> <span class='ocrx_word' id='word_1_366' title='bbox 1761 5003 2029 5086; x_wconf 80' lang='lat' dir='ltr'><strong>synanatellouta.</strong></span> 
     </span>
    </p>
   </div>
   <div class='ocr_carea' id='block_1_9' title="bbox 272 5246 1114 5321">
    <p class='ocr_par' dir='ltr' id='par_1_9' title="bbox 272 5246 1114 5321">
     <span class='ocr_line' id='line_1_36' title="bbox 272 5246 1114 5321; baseline 0.002 -23"><span class='ocrx_word' id='word_1_367' title='bbox 272 5251 299 5312; x_wconf 73' lang='lat'><strong>⁴)</strong></span> <span class='ocrx_word' id='word_1_368' title='bbox 316 5246 501 5314; x_wconf 84' lang='lat' dir='ltr'><strong>Descriptlon</strong></span> <span class='ocrx_word' id='word_1_369' title='bbox 522 5246 558 5299; x_wconf 87' lang='lat' dir='ltr'><strong>de</strong></span> <span class='ocrx_word' id='word_1_370' title='bbox 581 5247 600 5299; x_wconf 85' lang='lat' dir='ltr'><strong>l&#39;</strong></span> <span class='ocrx_word' id='word_1_371' title='bbox 620 5247 673 5317; x_wconf 77' lang='lat' dir='ltr'><strong>Eg.</strong></span> <span class='ocrx_word' id='word_1_372' title='bbox 691 5247 755 5305; x_wconf 81' lang='lat' dir='ltr'><strong>Vol.</strong></span> <span class='ocrx_word' id='word_1_373' title='bbox 770 5249 819 5304; x_wconf 85' lang='lat' dir='ltr'><strong>lll&#39;.</strong></span> <span class='ocrx_word' id='word_1_374' title='bbox 836 5267 864 5321; x_wconf 88' lang='lat' dir='ltr'><strong>p.</strong></span> <span class='ocrx_word' id='word_1_375' title='bbox 877 5253 938 5314; x_wconf 74' lang='lat'><strong>285.</strong></span> <span class='ocrx_word' id='word_1_376' title='bbox 957 5250 1020 5306; x_wconf 79' lang='lat' dir='ltr'><strong>Sec.</strong></span> <span class='ocrx_word' id='word_1_377' title='bbox 1038 5247 1114 5302; x_wconf 78' lang='lat' dir='ltr'><strong>Edit.</strong></span> 
     </span>
    </p>
   </div>
   <div class='ocr_carea' id='block_1_10' title="bbox 0 0 2456 6096">
    <p class='ocr_par' dir='ltr' id='par_1_10' title="bbox 0 0 2456 6096">
     <span class='ocr_line' id='line_1_37' title="bbox 0 0 2456 6096; baseline 0 3"><span class='ocrx_word' id='word_1_378' title='bbox 0 0 2456 6096; x_wconf 95' lang='lat' dir='ltr'><strong> </strong></span> 
     </span>
    </p>
   </div>
  </div>
 </body>
</html>
