4830 6102
231 1889 300 1953 lam
323 1906 361 1949 eo
384 1885 540 1971 processit
562 1881 739 1967 disputatio
761 1893 886 1961 nostra,
909 1891 946 1943 vt
966 1881 1169 1966 perspicuum
1193 1881 1246 1959 ait,
1269 1899 1349 1964 quas
1372 1876 1500 1963 literas,
1524 1884 1593 1948 siue
1616 1906 1724 1970 sonos,
1752 1902 1819 1954 tum
1842 1895 1983 1981 vocales,

145 2025 212 2074 tum
236 2015 468 2084 consonantes,
492 2002 597 2087 quiuis
615 1997 747 2086 planeta
767 2001 917 2086 proprios
940 1995 1070 2061 haheat.
1119 1993 1305 2076 Quaeritur,
1327 1997 1377 2060 cui
1398 1993 1503 2063 bonel
1526 1999 1653 2067 Scilicet
1673 2001 1799 2091 figurae
1822 2007 1984 2102 hierogly-

143 2126 258 2214 phicee
281 2123 411 2187 omuino
436 2132 510 2184 sunt
540 2120 699 2203 imagines
722 2138 829 2184 rerum
852 2129 977 2202 septem
1000 2115 1062 2178 diis
1083 2113 1138 2179 rel
1157 2113 1297 2200 planetis
1318 2131 1592 2214 consecratorum.
1629 2119 1740 2208 Ergo,
1770 2144 1867 2208 quum
1883 2123 1985 2198 'noui-

145 2265 232 2325 mus,
267 2259 350 2328 quae
373 2239 533 2322 imagines
556 2236 598 2300 etl
623 2247 744 2300 certum
766 2233 926 2322 quendam
947 2231 1110 2318 planetam
1132 2233 1333 2322 pertineant,
1362 2235 1480 2303 scirem
1503 2240 1618 2318 etiam,
1646 2258 1742 2324 qaam
1765 2237 1893 2309 literam
1916 2253 1986 2315 eius

146 2362 273 2450 generis
294 2360 404 2442 imago
424 2351 669 2440 hieroglyphice
692 2355 867 2440 exprimet.
912 2349 956 2415 Et
975 2349 1037 2414 hec
1061 2363 1188 2415 veteres
1214 2349 1391 2415 clarissime
1411 2352 1550 2418 tradunt.
1593 2353 1779 2422 Herodotus
1801 2378 1986 2433 constanter

146 2477 267 2566 figuras
287 2471 552 2559 hieroglyphicas
574 2485 669 2536 vocet
689 2491 807 2545 roncas
827 2475 930 2551 θεων,
954 2469 1114 2553 imagines
1136 2466 1269 2532 deorum
1295 2464 1360 2553 ²⁴).
1404 2469 1527 2536 Diuico
1549 2491 1628 2537 vero
1650 2471 1773 2540 honore
1792 2499 1857 2544 non
1879 2482 1984 2550 solum

146 2595 316 2662 s'mulacra
335 2590 555 2678 planetarum,
578 2589 635 2656 aad
658 2589 753 2653 etiarn
779 2583 949 2666 animalia,
972 2585 1122 2666 arbores,
1144 2587 1374 2667 iustrumenta,
1400 2607 1633 2674 corporumque
1654 2605 1763 2675 partas
1782 2593 1985 2668 hahehautur

146 2721 177 2780 in
198 2713 359 2799 Aegypto.
402 2708 574 2795 Inscriptio
594 2705 772 2772 Rosettana
792 2724 871 2768 vero
895 2715 1058 2786 nuncupat
1080 2699 1323 2788 hieroglyphice
1343 2701 1410 2782 iaco
1427 2728 1614 2787 γραμματα,
1638 2707 1840 2778 characteres
1863 2737 1982 2787 sacros.

146 2831 218 2908 Quo
236 2809 308 2894 iure
331 2837 439 2890 autern
463 2825 616 2911 Aegyptii
637 2819 761 2908 figuras
783 2819 1044 2908 hieroglyphicas
1064 2818 1170 2882 dicere
1191 2821 1374 2904 potuissent
1396 2841 1515 2902 samaa,
1541 2824 1569 2886 si
1591 2823 1763 2890 simulacra
1784 2849 1892 2895 rerum
1912 2833 1981 2918 ple·

146 2951 228 3017 netis
250 2955 510 3012 consecratarum
532 2963 596 3006 non
619 2942 756 3008 luissent
777 2939 852 3023 ’ψ
881 2937 962 3002 item
984 2933 1140 3002 Manetho
1161 2936 1406 3024 hieroglyphice
1427 2937 1570 3024 appellat
1591 2937 1792 3030 isoeypupyxu
1813 2929 1984 3034 γραμματα

147 3083 243 3154 atquo
263 3067 297 3127 in
320 3060 438 3147 vulgas
459 3071 643 3125 notumest
661 3057 759 3123 illud:
786 3073 858 3122 ’των
879 3061 964 3120 θεων
985 3077 1156 3140 ypopheta
1173 3051 1238 3140 ²⁸).
1284 3052 1369 3132 Quia
1392 3053 1522 3120 multiel
1558 3057 1680 3122 Eadem
1702 3061 1984 3156 signa0hierogly-

146 3187 254 3272 phion,
276 3199 359 3267 ques
381 3181 414 3247 ln
434 3177 576 3246 zodiaco
599 3175 797 3242 Teurineusi
817 3170 917 3258 (l'uh.
934 3171 994 3257 11.)
1016 3183 1111 3257 etque
1131 3173 1164 3236 iu
1187 3171 1335 3239 omnihus
1360 3174 1487 3260 scriptia
1509 3178 1730 3242 aauoncmicis
1752 3177 1855 3247 adhuc
1877 3187 1984 3273 expll-

149 3304 230 3368 cetis
259 3310 446 3381 occurrunt,
484 3297 597 3362 eadem
623 3297 656 3359 in
686 3293 864 3359 Bosettana
891 3291 1101 3375 inscriptione
1123 3290 1335 3379 omnibusque
1364 3291 1466 3358 titulis
1495 3291 1743 3381 hieroglyphicis
1768 3304 1984 3386 reperiuntur.

148 3421 260 3506 ltaque
283 3417 395 3502 negari
415 3417 538 3502 nequit,
562 3412 763 3500 planetarum
786 3405 931 3495 symbola
955 3409 1139 3494 exprimere
1161 3411 1257 3474 etiam
1281 3408 1403 3493 literar,
1430 3426 1498 3476 turu
1519 3410 1659 3491 vocales,
1685 3429 1751 3479 tum
1773 3439 1941 3489 consonas.

232 3533 389 3620 Superest
411 3533 653 3609 demonstrare,
683 3549 760 3594 vare
782 3525 929 3613 symbola
951 3528 1105 3611 cuiusque
1126 3525 1275 3612 planetae
1296 3531 1428 3615 proprie
1449 3551 1505 3594 eas
1527 3529 1640 3596 literas
1662 3538 1882 3618 expressisse,
1906 3561 1995 3636 quas¹

148 3676 207 3720 nos
227 3649 364 3738 singulis
385 3647 525 3734 planetis
555 3672 597 3713 ex
621 3664 767 3713 veterum
790 3647 949 3711 sententia
974 3642 1220 3728 adsumpsimua,
1245 3657 1341 3732 atque
1359 3648 1392 3710 in
1415 3648 1599 3712 vuluersum
1622 3649 1751 3730 videre,
1775 3672 1816 3713 an
1839 3669 1985 3722 nostrum

148 3767 407 3856 hieroglyphices
426 3769 616 3854 principium
634 3767 881 3831 astronomicum
902 3759 1070 3826 confirmet
1091 3759 1142 3842 id,
1166 3761 1251 3848 quod
1275 3761 1436 3845 analytica
1455 3765 1579 3826 ratione
1600 3765 1728 3828 iamiam
1744 3764 1784 3829 (le
1806 3769 1985 3855 scripturae

148 3884 408 3975 hieroglyphicas
439 3899 534 3971 atque
565 3883 764 3970 singulorum
788 3876 1108 3964 hieroglyphicorum·
1135 3879 1402 3964 pronunciatione
1429 3881 1633 3945 inuenerunt.
1676 3879 1758 3945 Sunt
1785 3899 1894 3953 eutem
1924 3895 1988 3957 tria

147 4007 349 4094 Potissimum
388 4001 607 4088 respicienda,
651 3997 856 4084 significatio
888 3993 1204 4078 hieroglyphicoract
1234 3994 1402 4077 solennis,
1447 3994 1644 4080 amphibolia
1674 3997 1872 4086 figurarum,
1911 4029 1986 4074 cou-

148 4125 269 4192 iunctio
292 4123 456 4207 signorum
483 4123 552 4184 siue
574 4113 774 4204 symphonia.
818 4112 892 4189 Qua
914 4115 947 4177 in
972 4135 1009 4177 re
1034 4109 1320 4193 conversabimur,
1343 4126 1380 4176 rt
1404 4116 1532 4179 nonnisi
1552 4115 1794 4204 hieroglyphice
1814 4120 1987 4190 afferamus

152 4267 202 4323 ea,
224 4261 361 4329 quorum
383 4238 606 4324 pronunciatio
630 4249 728 4315 certa,
752 4251 950 4327 quorumque
972 4228 1238 4316 significationem
1263 4234 1510 4298 astronomicam
1531 4237 1858 4320 supracoguouimua.
1887 4239 1987 4308 Certa

151 4357 398 4448 hieroglyphice
419 4359 490 4443 pari
512 4357 638 4420 ratione
660 4350 872 4439 pronunciata
893 4357 967 4410 sunt
990 4367 1009 4410 a
1034 4345 1196 4432 Yonngio‚
1220 4339 1560 4436 aChampollione‚a
1581 4353 1725 4439 meipso
1749 4352 1893 4442 aliisque.

503 4579 528 4650 1.
555 4571 855 4673 Hs'croglppla’cc
881 4567 1062 4643 cleonte
1086 4569 1140 4644 eci
1163 4571 1434 4645 cotroncmshm
1458 4581 1654 4647 reuocato.

789 4705 857 4760 vta.
884 4706 958 4761 Teh.
980 4703 1030 4758 lX·
1057 4703 1123 4760 Lin.
1150 4703 1177 4758 Ι)
1190 4705 1251 4760 EF
1273 4721 1351 4775 seqq.

152 4875 199 4939 D.
224 4880 253 4937 1.
274 4862 502 4942 'l'hnrihulum‚
524 4859 664 4924 omnium
687 4876 857 4930 consensu,
881 4869 915 4920 vt
936 4857 1086 4937 vidimus,
1107 4853 1269 4950 eignificat
1291 4852 1320 4918 l.
1364 4849 1533 4938 Significat
1556 4875 1633 4918 vero
1655 4854 1741 4918 idam
1764 4857 1902 4943 etiem2
1925 4857 1995 4944 pln-

241 4997 351 5052 netem
382 4984 415 5046 in
444 4977 582 5044 Zodiaco
611 4971 806 5041 Teuriuensi
830 4970 929 5054 (Tele.
944 4971 988 5036 ll.
1010 4974 1139 5058 siguum
1168 4971 1234 5058 Β).
1276 4970 1432 5036 Placetne
1455 4976 1479 5055 ῼ
1502 4986 1608 5035 autam
1631 4993 1728 5037 sonus
1750 4970 1768 5033 l
1792 4989 1997 5041 consecratus

245 5117 305 5169 eat.
348 5099 437 5185 Ergo
460 5091 659 5158 thuribulum
681 5113 725 5172 ex
748 5093 904 5178 principio
927 5087 1187 5174 hieroglyphieea
1209 5091 1424 5154 asucnomico
1448 5083 1467 5150 b
1489 5085 1672 5174 significare
1694 5087 1817 5155 debuit.

142 5223 543 5252 ’,ω’-...-

230 5291 280 5358 2⁴)
299 5283 411 5344 fleret.
432 5283 467 5337 ll.
486 5275 582 5348 ΗΒΘ.
615 5279 663 5346 16)
682 5279 814 5348 teneor.
834 5277 933 5334 Roset.
953 5277 1010 5330 Tit.
1033 5275 1300 5330 secernente.
1335 5275 1384 5344 20)
1403 5273 1510 5426 (ἱεῖς.
1528 5273 1680 5345 syncellos
1699 5291 1763 5348 pag.
1784 5277 1828 5332 et.
1849 5279 1893 5332 ed.
1911 5277 2004 5334 Paris.

1491 5383 1545 5426 ae
1569 5369 1589 5426 2
