4860 6092
786 525 1238 606 ·-—l.15-—

152 705 295 774 vidimus
315 707 390 794 (art.
407 705 558 794 ceruus),
579 713 707 799 rtrique
730 711 879 800 planetae
901 737 1033 781 ceruum
1054 717 1186 780 sacrari.
1217 713 1328 791 Quum
1347 739 1425 783 vero
1440 719 1595 789 Aelianus
1612 723 1674 811 (X.
1687 731 1756 817 23.)
1777 675 1897 804 diserte¹
1915 752 1980 806 tra·

153 823 222 908 dat,
246 835 358 912 capras
378 826 465 891 laras
489 829 633 914 (θηλειας
647 831 818 913 dependas)
838 831 917 896 laidi
938 831 1002 919 (9)
1018 853 1127 896 sacras
1149 853 1221 896 ease
1236 831 1343 919 Copti,
1358 829 1480 900 ibidem
1495 859 1574 904 vero
1593 846 1787 914 masculinos
1806 854 1982 932 immolari;

152 943 278 1027 opinor,
300 942 467 1010 dorcadem
489 945 700 1012 masculinam
728 949 768 1030 (ξ,
791 945 976 1012 femininam
1009 947 1031 1020 ῼ
1061 950 1251 1013 consecrari.

236 1053 397 1144 Elephas,
420 1063 543 1164 dispar,
560 1069 600 1149 Q
619 1061 804 1150 significare
820 1064 960 1129 videtur.
1004 1061 1120 1130 Tradit
1134 1063 1313 1152 Horapollo
1334 1065 1392 1151 (11.
1408 1071 1484 1151 85.),
1507 1067 1679 1156 elephanto
1699 1081 1839 1164 exprimi
1861 1105 1984 1172 regern,

154 1176 209 1261 qui
236 1177 324 1240 omni
348 1177 456 1242 studio
478 1179 648 1245 stultitiam
670 1181 777 1268 fugiat
799 1201 836 1244 ac
862 1179 1121 1266 imprudentiam.
1165 1181 1221 1247 Sol
1244 1203 1322 1247 vero
1344 1182 1425 1248 coeli
1445 1206 1509 1251 rex
1532 1205 1751 1277 nuncupatur,
1782 1199 1875 1284 eique
1892 1223 1986 1288 reges

154 1293 238 1356 sacri
267 1305 359 1358 erant
386 1292 427 1377 (1.
443 1293 472 1369 h.
488 1298 541 1360 50.
555 1317 588 1381 p.
604 1295 685 1382 63).
729 1295 857 1362 Deinde
885 1295 1048 1362 Diodorus
1073 1296 1115 1380 (Ι.
1131 1303 1183 1365 20.
1197 1321 1231 1385 p.
1247 1301 1337 1380 239.)
1359 1315 1488 1383 narrat,
1519 1301 1682 1373 Osiridem
1709 1313 1779 1397 (Q)
1800 1313 1988 1402 elephantos

155 1420 306 1474 venatum
330 1431 414 1476 essa
444 1410 596 1476 Vidimus
615 1423 735 1494 autern,
758 1411 818 1476 diis
839 1433 879 1476 ea
904 1412 1054 1478 animalia
1076 1433 1147 1479 esse
1168 1437 1272 1498 sacra,
1294 1437 1366 1482 cum
1386 1415 1502 1502 quibus
1520 1423 1753 1492 commercium
1767 1428 1898 1499 habent.
1934 1434 1988 1500 Sic

156 1520 295 1611 Typhon
317 1526 433 1591 dieitur
460 1547 575 1611 aprum
595 1541 749 1607 venatus,
783 1528 867 1614 quod
892 1529 1011 1595 animal
1038 1531 1149 1617 vtique
1168 1529 1320 1617 'l'yphcni
1343 1531 1415 1617 (h)
1439 1555 1564 1602 sacrum
1588 1555 1668 1606 erat.
1709 1543 1814 1609 Porro
1833 1545 1989 1615 Aelianus

155 1653 264 1707 narrat
288 1641 380 1727 (vll.
395 1648 449 1707 44.
464 1641 559 1708 VIII.
573 1643 660 1728 28),
694 1643 899 1729 elephantum
921 1649 976 1733 pie
997 1645 1102 1712 colere
1124 1652 1163 1731 Q
1190 1661 1224 1712 et
1248 1655 1291 1731 p,
1320 1648 1451 1715 homere
1469 1673 1548 1717 raro
1568 1675 1659 1722 suem
1679 1659 1762 1746 (1)).
1805 1661 1932 1750 Religio
1948 1669 1987 1732 in

155 1755 246 1824 Deos
267 1760 431 1824 maximos
452 1780 531 1823 sana
551 1761 667 1842 innuit,
691 1759 897 1846 elephantum
919 1764 959 1828 ad
981 1771 1017 1840 Q
1040 1777 1201 1851 tamqnam
1221 1777 1347 1851 patrem
1367 1765 1570 1833 referentum
1593 1793 1674 1838 ease.
1713 1774 1886 1842 Auertatio
1908 1801 1987 1846 vero

154 1896 174 1938 a
198 1896 258 1940 sue
279 1875 359 1940 nibil
382 1874 466 1940 eliud
491 1874 629 1953 indicat,
656 1897 752 1964 quam
771 1877 884 1945 Iouem
905 1885 968 1964 (Q)
992 1883 1104 1947 timere
1127 1878 1324 1966 a'l'yphoue
1342 1881 1425 1968 (1)),
1457 1881 1642 1951 aduersario
1663 1909 1734 1956 suo.
1777 1890 1868 1957 Idem
1889 1896 1988 1961 tradit

152 1989 333 2077 Horapollo
356 1989 514 2075 (1186).
552 1991 712 2075 „Regem
733 1995 849 2078 inquit,
871 1999 925 2078 qui
946 2019 1103 2079 nugacem
1121 2003 1204 2062 nitet
1222 1996 1394 2082 hominem,
1417 1999 1622 2087 elephantum
1642 2025 1713 2068 cum
1733 2027 1831 2090 porco
1850 2013 1987 2099 pingen-

154 2121 214 2172 tes.
256 2105 290 2172 Is
318 2106 402 2170 enim
423 2124 503 2168 voce
530 2108 621 2190 porci
643 2106 752 2171 audita
779 2108 944 2194 aufugit.“
986 2109 1140 2176 Ceterum
1168 2113 1202 2175 in
1231 2115 1336 2176 nuruis
1357 2114 1511 2181 Mauricio
1541 2083 1681 2226 cerle
1711 2120 1813 2187 altera
1833 2125 1867 2188 in
1894 2143 1986 2211 parte

153 2235 249 2310 caput
276 2222 367 2287 Ionis
392 2219 562 2286 Ammonia
587 2223 669 2310 (Q),
700 2223 802 2289 altera
830 2225 963 2312 elephas
984 2225 1135 2314 (Eclrhel.
1150 2225 1212 2293 IV.
1226 2251 1260 2314 p.
1272 2227 1376 2320 154).
1420 2231 1489 2297 Iam
1518 2255 1597 2299 vero
1624 2257 1688 2300 non
1714 2237 1835 2326 absque
1860 2245 1986 2309 ratione

155 2342 301 2422 conficio,
324 2337 531 2425 elephantum
552 2342 649 2405 etiam
673 2343 704 2406 α’
727 2341 922 2428 significare.
966 2343 1094 2410 Scilicet
1114 2351 1151 2424 Q
1173 2357 1210 2409 et
1233 2349 1263 2411 θ’
1286 2345 1509 2415 fortitudinem
1531 2363 1565 2414 et
1587 2353 1763 2437 potentiam
1784 2375 1985 2423 communem

154 2455 287 2538 babent,
309 2477 391 2545 quae
414 2458 547 2528 sanein
572 2455 743 2543 elephante
764 2461 953 2526 coniunctae
975 2475 1158 2527 cernuntur.
1200 2461 1286 2526 Hinc
1306 2464 1486 2548 Horapollo
1507 2465 1567 2550 (ll.
1583 2470 1664 2552 84),
1683 2487 1770 2546 etas,
1793 2473 1907 2558 inquit,
1930 2481 1989 2559 pst·

156 2574 255 2640 riuti
271 2581 305 2638 et
320 2570 449 2638 oiridue
471 2581 506 2638 et
530 2577 663 2658 ingenio
683 2575 810 2656 calent,
833 2577 984 2642 celestes
1004 2577 1201 2662 significare
1221 2574 1427 2661 elephantum
1444 2584 1591 2664 pingent
1608 2597 1681 2643 cuns
1701 2600 1763 2644 ssu
1779 2583 1983 2666 metuende.

154 2693 232 2760 Huc
251 2698 335 2759 enin
359 2689 519 2756 odoratur
539 2699 575 2756 et
593 2691 778 2758 incidentia
801 2697 1013 2779 consequitur
1025 2694 1147 2781 (apum
1166 2718 1231 2760 ror
1252 2697 1536 2774 recommonet).
1577 2693 1629 2755 En
1650 2696 1786 2758 virtutes
1804 2698 1983 2770 Martiales.

154 2811 275 2878 Notum
300 2813 396 2886 enirn,
419 2811 465 2890 d,
486 2829 524 2873 ac
539 2807 708 2873 Mineruae
724 2821 758 2873 et
776 2808 927 2890 Neitbae‚
947 2831 1080 2876 acumen
1099 2810 1223 2895 ingenii
1239 2805 1378 2872 adscribi
1394 2806 1436 2891 (I.
1451 2811 1483 2884 e.
1491 2811 1543 2870 49.
1557 2825 1633 2892 pag.
1642 2806 1721 2891 61).
1750 2808 1856 2874 Etiam
1871 2827 1983 2883 notum
2129 2841 2137 2851 ·

155 2943 222 3005 eat,
249 2927 439 3014 elephantos
465 2927 499 2991 in
530 2923 623 2990 bellis
652 2938 686 2990 et
713 2927 831 3011 pugnis
861 2924 1023 2990 adhibitos
1048 2927 1166 3001 fuisse,
1197 2941 1280 3008 quae
1306 2930 1381 2984 sunt
1410 2921 1442 2984 cd
1468 2929 1565 2985 artes.
1608 2921 1701 2990 Adde
1725 2923 1832 2991 locum
1852 2929 1982 3000 Firmioi

155 3017 367 3132 (1..'v111.p.
383 3045 457 3106 235.
472 3063 500 3108 s.
516 3046 615 3121 280.).
658 3037 809 3122 „Quodsi
826 3042 870 3120 d,
892 3043 1014 3124 inquit,
1032 3043 1066 3104 in
1086 3041 1150 3103 ista
1165 3050 1258 3124 parte
1278 3037 1377 3102 luent
1391 3037 1552 3118 inuentus,
1574 3038 1795 3122 profusionem
1815 3052 1983 3134 sanguinis

149 3165 317 3250 petlentur
338 3158 405 3242 alii,
428 3156 484 3222 alii
508 3156 736 3244 elephantiam,
760 3153 888 3240 quidam
909 3175 988 3220 vero
1006 3154 1216 3241 phrenesin.“
1259 3152 1355 3218 Certe
1376 3153 1519 3238 prolusio
1539 3159 1704 3242 sanguInis
1725 3163 1757 3224 cd
1782 3173 1833 3226 ast
1850 3169 1985 3252 propria

149 3276 194 3362 (Ι.
209 3283 241 3356 ς.
250 3280 304 3340 49.
319 3277 440 3361 pon),
455 3293 555 3360 quare
575 3283 609 3335 et
630 3268 823 3355 elephantia,
837 3269 879 3334 ab
895 3270 1066 3356 elephanto
1079 3271 1174 3354 dieta,
1199 3293 1220 3335 a
1234 3273 1266 3336 cd
1286 3249 1446 3356 prcfidsci
1463 3271 1601 3338 videtur.
1633 3271 1709 3338 Huc
1726 3279 1876 3360 pertinet,
1896 3287 1983 3370 quod

151 3389 293 3488 ογλπε
318 3409 484 3477 squamam
511 3386 625 3473 leprae
656 3385 828 3472 significat.
869 3387 1074 3452 Historiam
1096 3387 1252 3454 Aelianus
1272 3385 1392 3468 (XIII.
1406 3383 1477 3473 22.)
1499 3386 1613 3470 tradit,
1645 3389 1848 3475 elephantem
1876 3407 1984 3465 notus

150 3506 307 3598 perdura
328 3504 464 3570 bellr'coe
484 3503 599 3582 edere,
628 3504 721 3568 aelst
742 3504 981 3587 ostendentem,
1011 3505 1097 3591 quod
1118 3503 1206 3570 lonc
1227 3509 1326 3569 etiam
1353 3503 1560 3590 debcspliaanr
1580 3514 1704 3573 emet.
1746 3508 1900 3596 Apprime
1920 3515 1982 3581 bue

150 3627 231 3692 lacit
250 3619 449 3707 mythologie
466 3618 590 3699 Indica,
609 3639 705 3705 quam
725 3641 819 3685 nemo
841 3623 906 3686 iam
928 3622 1029 3686 eredit
1050 3621 1179 3688 differre
1200 3621 1241 3702 ab
1263 3621 1473 3708 Aegyptiace.
1518 3619 1646 3686 Scilicet
1664 3625 1699 3686 in
1719 3623 1844 3688 duabus
1864 3625 1984 3694 tabulIs

151 3741 272 3808 Indicis
282 3737 445 3821 (Kreuaer
460 3735 570 3820 Symb.
585 3733 670 3802 Tab.
680 3734 830 3803 XXVII.
845 3751 878 3802 et
890 3735 1046 3823 xxtx.)
1060 3738 1154 3804 facile
1175 3740 1397 3806 decernuntur
1413 3735 1470 3802 Dii
1482 3735 1671 3800 Zodiacales
1690 3735 1801 3802 ordine
1814 3755 1979 3824 consueto,

153 3857 258 3927 altera
281 3863 309 3936 2
332 3864 368 3934 Q
399 3856 423 3936 1)
463 3856 484 3925 2
514 3859 546 3922 e*
569 3860 598 3938 2(
625 3853 649 3938 I)
678 3865 712 3918 et
734 3855 780 3918 sic
801 3873 916 3939 porro,
939 3854 1041 3922 altera
1069 3855 1093 3936 ἕ
1124 3862 1159 3934 Θ
1185 3859 1211 3922 I>
1236 3858 1261 3934 ἕ.
1286 3857 1308 3928 ῼ
1338 3859 1369 3923 a*
1395 3853 1622 3938 4compositi.
1665 3849 1791 3927 Quibus
1808 3857 1842 3922 in
1862 3855 1981 3926 tabulis

152 3977 205 4044 bis
230 3975 262 4042 cd
289 3973 394 4058 capite
418 3969 599 4058 elephantia
626 3971 779 4057 pingitur.
820 3972 995 4038 Praeterea
1020 3975 1119 4060 priori
1145 3975 1179 4038 in
1211 3968 1321 4036 tabula
1341 3971 1412 4056 ipse
1435 3971 1466 4032 n*
1490 3968 1554 4034 alia
1575 3968 1691 4036 Martis
1717 3973 1857 4058 insignia
1884 3978 1979 4061 gerit,

153 4095 291 4162 mcudm
313 4102 346 4154 et
369 4087 535 4176 flagellum
555 4085 729 4163 Bellonae;
758 4087 898 4152 secunda
917 4109 996 4154 vero
1020 4093 1056 4168 Q
1079 4103 1112 4154 et
1133 4088 1169 4156 cd
1191 4090 1226 4152 iu
1245 4085 1364 4153 sacello
1385 4087 1483 4173 positi
1501 4101 1798 4174 repraesentantur,
1820 4102 1857 4153 vt
1882 4097 1915 4178 ς)
1947 4105 1981 4158 et

153 4211 379 4296 v'signorum
401 4205 521 4272 domini
540 4207 575 4270 in
597 4201 708 4268 tabula
729 4202 844 4296 Isiaoa,
864 4204 904 4270 da
926 4227 991 4292 quo
1015 4204 1108 4293 alias.
1150 4205 1251 4270 Porro
1272 4185 1430 4271 Zodiachs
1450 4201 1579 4268 Indicus
1602 4204 1848 4287 (Transactious
1868 4207 1906 4272 ci
1926 4207 1981 4274 tba

154 4319 860 4408 nnat.souenvot.111..1³.l.r1.t.)a
895 4322 1058 4386 domiuum
1081 4324 1228 4386 stationis
1254 4320 1376 4388 lunaris
1403 4326 1445 4388 26
1477 4322 1631 4405 exprimit
1657 4319 1836 4405 elephantis
1861 4327 1980 4410 specie.

155 4440 269 4530 Itaque
286 4441 337 4507 bis
359 4440 399 4504 da
420 4439 527 4505 causis
543 4439 606 4502 vix
626 4434 773 4502 dubitare
793 4435 879 4519 beet,
900 4435 1106 4524 elephantum
1127 4442 1231 4526 primo
1253 4439 1379 4525 quidem
1400 4441 1448 4518 Q,
1471 4435 1584 4502 deiude
1604 4455 1684 4499 vero
1706 4439 1803 4502 etiam
1826 4439 1857 4503 od
1881 4442 1981 4528 signi·

153 4557 267 4626 ficare.
307 4556 389 4622 l’uto
414 4567 542 4638 autem,
574 4573 671 4640 quum
690 4553 871 4640 Ilorapollo
893 4553 1011 4621 diserte
1033 4569 1262 4626 commemoret
1280 4551 1522 4643 proboscidem,
1551 4571 1614 4638 quo
1635 4549 1706 4618 loco
1728 4551 1933 4641 elephantum
1953 4561 1981 4635 ἃ

155 4672 322 4753 adscribit,
342 4671 376 4737 cd
394 4674 596 4759 potissimum
612 4667 812 4756 proboscide,
833 4673 970 4759 quaein
985 4674 1113 4762 scriptis
1126 4670 1347 4759 hieroglyphice
1366 4668 1486 4753 partlm
1505 4668 1656 4752 cernitur,
1677 4673 1716 4752 Q
1736 4668 1807 4738 eliis
1827 4671 1980 4760 elephan-

154 4797 200 4860 tis
220 4786 369 4879 partibus
389 4791 538 4874 exprimi.

240 4903 367 4992 Equus,
390 4904 493 4988 ἳπιος,
519 4922 610 4998 300,
635 4919 727 4995 gno,
749 4901 1201 4994 εεθο,Θοι1(ιίςηίίὶοεῐ.
1226 4899 1439 4967 Habebuntur
1462 4903 1546 4967 enirn
1568 4904 1653 4988 eqni,
1670 4914 1707 4968 vt
1717 4901 1880 4970 Lucienus
1894 4903 1978 4991 (Syr.

150 5029 231 5098 Dea
251 5046 287 5110 p.
303 5023 390 5106 907)
408 5022 524 5103 reiert',
536 5018 712 5110 Heliopoli,
734 5041 816 5108 qnae
838 5033 888 5085 est
901 5023 937 5097 Q
955 5021 1135 5103 prouincia.
1177 5016 1277 5082 Porro
1298 5017 1397 5084 tradit
1410 5016 1600 5084 Plutarchus
1622 5014 1680 5106 [la.
1694 5040 1727 5104 p.
1743 5021 1841 5104 379),
1864 5041 1980 5109 quum

152 5141 243 5233 apud
263 5139 393 5220 Persas,
414 5160 550 5225 quorum
569 5135 769 5224 mythologie
791 5153 856 5200 non
879 5131 987 5198 dllIert
1009 5133 1050 5198 ab
1072 5132 1282 5219 Aegyptiace,
1305 5141 1341 5213 Q
1362 5157 1433 5200 essa
1455 5149 1685 5202 consecratum.
1729 5135 1865 5202 Constat
1883 5139 1980 5201 etiam

151 5259 263 5330 sotem
284 5253 365 5322 vehi
387 5253 430 5322 ab
453 5259 554 5342 eqnh.
596 5255 690 5322 Adde
714 5253 822 5320 locum
844 5247 1008 5318 Plutarchi
1032 5248 1090 5338 (Is.
1106 5249 1211 5333 928),
1242 5273 1306 5339 qno
1331 5252 1442 5338 dccet,
1470 5251 1595 5418 llor'spm
1622 5253 1686 5342 (Q)
1708 5257 1798 5340 aquis
1818 5253 1883 5329 vti,
1914 5267 1978 5312 non
