4958 6092
179 717 325 777 cumant3
354 701 434 768 lrsce
454 701 653 785 differentia,
676 713 749 768 vtut
763 707 887 791 exigna
906 707 1025 789 initio,
1040 719 1114 795 post
1134 710 1217 771 1731
1249 726 1351 770 annos
1380 707 1461 772 adeo
1490 724 1646 795 augetur,
1675 726 1712 779 vt
1734 713 1771 786 Θ
1790 718 1816 782 d
1841 733 1874 784 et
1893 731 1922 806 tp
1943 728 2008 792 iam

175 833 249 932 post
263 819 355 884 lruuc
375 819 543 918 decursum
561 817 659 908 longe
678 823 762 886 inter
782 843 818 886 se
841 823 970 887 distent.
1016 821 1122 898 Quam
1139 820 1180 886 ob
1202 839 1271 888 rem
1293 822 1398 886 denno
1419 846 1569 890 numerus
1592 850 1749 894 annorum
1769 840 1879 918 quaeri
1901 837 2007 924 debet,

174 958 236 1023 quo
256 934 307 1002 illi
327 935 479 1023 planetae
508 936 683 1005 nilril.lere
713 938 841 1004 edicto
868 953 989 1024 puncto
1021 937 1245 1025 aequinoctiali
1277 937 1410 1020 distent,
1444 963 1488 1005 ex
1517 965 1580 1030 quo
1608 947 1673 1010 iam
1695 951 1855 1034 sequitur,
1884 953 2007 1036 cyclum

171 1051 262 1132 illuns
283 1071 356 1118 csse
374 1052 476 1120 multo
496 1056 670 1136 maiorem,
702 1075 797 1142 quem
824 1054 968 1119 diximus
989 1059 1028 1138 Θ
1054 1064 1081 1134 2
1110 1064 1143 1120 ct
1164 1063 1200 1136 4.
1245 1045 1326 1118 ltem
1354 1059 1388 1120 in
1407 1056 1551 1145 reliquis.
1596 1059 1702 1137 Quam
1724 1063 1765 1129 ob
1785 1041 1915 1133 causum
1937 1093 2006 1138 rem

170 1170 386 1256 perfunctorie
407 1183 592 1237 tractemus.
635 1172 712 1254 Fac,
733 1172 950 1252 ruiseaLuua,
968 1193 1044 1257 'esse
1062 1172 1121 1237 hos
1138 1169 1338 1256 planetarum
1359 1174 1510 1240 circuitus
1523 1179 1607 1241 circu
1629 1177 1730 1244 solem
1744 1177 1887 1270 haecque
1908 1207 2006 1255 anuo-

169 1307 240 1352 rum
261 1291 378 1374 spatia,
400 1286 528 1375 quibus,
546 1290 594 1352 vti
616 1287 735 1352 dictum
759 1305 825 1370 est,
845 1291 961 1354 iterum
987 1297 1058 1355 cum
1081 1298 1116 1366 Θ
1139 1291 1302 1354 coniuncti
1324 1308 1513 1376 cernantur,
1548 1315 1630 1380 quae
1653 1299 1795 1362 numeris
1818 1299 2005 1389 vulgaribus

168 1423 325 1488 expressa
344 1404 427 1472 haec
446 1404 560 1472 tabula
579 1407 738 1472 continet:

247 2007 320 2072 Jam
341 2007 503 2094 quaeritur
525 2007 665 2092 spatium
690 2014 864 2096 temporis,
887 2031 950 2098 quc
972 2009 1085 2074 horum
1109 2013 1128 2074 ὅ
1150 1961 1363 2122 planetemm'
1376 2013 1518 2075 omnium
1539 2034 1577 2076 ac
1596 2014 1796 2100 singulorum
1815 2019 1911 2086 simul
1930 2021 2002 2090 lou·

159 2123 276 2210 gitudo
298 2125 416 2188 iterum
437 2120 550 2186 eadem
571 2126 761 2210 reperiatur.
806 2125 872 2202 Qui
891 2145 1043 2199 numerus
1066 2130 1095 2197 is
1124 2147 1195 2190 esse
1219 2125 1331 2210 debet,
1362 2129 1481 2214 partim
1502 2141 1540 2193 vt
1558 2134 1699 2197 uulneris
1721 2119 1878 2211 annornm
1906 2140 2002 2222 cycli.

159 2262 274 2306 corum
304 2239 404 2304 diuidi
435 2235 537 2328 possit
567 2243 637 2306 sine
658 2243 834 2326 fractione,
863 2247 983 2332 partim
1017 2256 1052 2308 vt
1080 2265 1138 2329 pro
1166 2242 1232 2308 illis
1262 2246 1406 2309 numeris
1431 2245 1653 2340 minimustsit
1679 2249 1839 2342 diuiduos.
1888 2250 2002 2340 ltaque

158 2355 299 2424 habebis
321 2379 440 2425 anunm
462 2378 614 2444 magnum
637 2380 676 2426 er
699 2363 793 2425 annis
814 2361 964 2428 Julianus
979 2365 1168 2427 215136=
1187 2365 1240 2426 32.
1264 2366 1316 2426 81.
1337 2367 1380 2426 83
1404 2376 1616 2429 constantem.
1659 2365 1821 2430 llicenim
1848 2389 2002 2438 numerus

158 2489 209 2538 est
231 2473 382 2541 diuiduus
403 2476 554 2541 minimus
575 2498 634 2563 pro
656 2481 692 2557 8,
726 2483 765 2554 8,
793 2483 852 2560 32,
882 2484 941 2561 83,
969 2483 1053 2560 324,
1083 2499 1166 2566 quae
1197 2479 1322 2543 circiter
1345 2493 1421 2544 suat
1445 2479 1525 2562 cycli
1555 2485 1578 2566 ξ
1609 2485 1701 2564 Μ
1719 2491 1754 2563 21.
1776 2494 1808 2545 et
1834 2482 1858 2566 q
1884 2487 2001 2556 iterum

156 2612 228 2656 cum
251 2594 287 2670 Θ
308 2591 595 2680 congredientium.
638 2591 746 2680 Atque
776 2594 838 2660 lroc
859 2597 988 2682 quidem
1010 2597 1116 2682 spatio
1145 2607 1356 2660 numerantur
1383 2593 1586 2680 planetarum
1615 2598 1767 2660 circuitus
1794 2599 1878 2664 circa
1898 2601 2000 2669 solem

227 3288 287 3354 ·At
305 3288 405 3368 haec,
437 3285 485 3349 vti
506 3285 668 3365 diximus,
697 3288 822 3350 ratione
852 3287 1023 3350 rudissima
1044 3287 1283 3350 inueniuntur.'
1307 3279 1413 3360 Quum
1435 3287 1519 3349 euim
1545 3287 1695 3350 circuitus
1715 3286 1917 3374 planetarum
1940 3291 1993 3356 vel

146 3405 266 3492 paullo
288 3405 468 3468 accuratius
489 3415 676 3484 sumuntur,
707 3403 1345 3488 anuusmagnusnon215,136annis,
1376 3400 1434 3465 sed
1459 3399 1599 3488 duplici,
1621 3401 1756 3488 triplici,
1779 3407 1989 3496 quadruplici,
2058 3395 2061 3402 “

147 3525 228 3611 quin
251 3517 421 3606 multiplici
443 3539 576 3582 numero
598 3532 745 3582 constare
767 3518 925 3598 cernitur,
947 3519 1138 3602 praesertim
1162 3538 1258 3602 quum
1284 3524 1313 3593 y
1337 3517 1420 3580 ratio
1440 3513 1587 3584 habetur.
1633 3516 1784 3584 Ceterum
1808 3524 1860 3587 hic
1886 3547 1990 3591 annus

148 3657 292 3728 aeguum
313 3639 455 3718 215,136
484 3653 641 3698 annorum
675 3646 725 3698 est
753 3635 851 3697 etiam
878 3632 986 3717 cyclus
1013 3635 1211 3718 compositus
1237 3629 1440 3716 planetarum
1456 3632 1491 3701 Θ
1511 3641 1542 3702 d*
1564 3637 1595 3698 ²4
1618 3647 1651 3698 et
1677 3635 1717 3719 ᾖ.
1770 3633 1878 3711 Quum
1903 3644 1988 3706 enim

148 3755 230 3842 cycli
253 3757 277 3836 ll
301 3759 382 3833 ιιῼ
420 3771 577 3815 annorum
600 3751 706 3814 diam
728 3751 827 3815 insint
854 3751 888 3814 in
911 3747 999 3833 cyclo
1020 3753 1057 3823 <ff
1078 3751 1196 3836 quippe
1225 3751 1266 3811 32
1290 3768 1461 3830 annorum,
1490 3747 1545 3812 ille
1576 3770 1726 3813 numerus
1748 3749 1884 3818 efficitur
1907 3753 1986 3822 solis

145 3875 181 3946 Θ
203 3873 236 3938 ὦ
260 3873 293 3935 ²l
322 3881 355 3934 et
379 3867 405 3938 ἵ)
429 3863 581 3954 planetis?
623 3866 702 3932 Post
723 3879 846 3931 tantum
864 3868 963 3952 igitur
986 3869 1141 3952 temporis
1160 3867 1300 3950 spatium
1320 3867 1359 3948 ἅ
1374 3871 1403 3948 ιι
1418 3867 1492 3932 etl)
1520 3865 1632 3929 eodem
1657 3865 1709 3930 die
1729 3865 1858 3935 Juliauo
1880 3871 1984 3938 denuo

148 3987 243 4054 simul
264 3988 303 4050 in
325 3983 440 4050 eodem
459 3981 532 4046 loco
555 3981 721 4067 eclipticas
741 3995 922 4049 vorsantur.
968 3984 1026 4050 Ex
1047 4005 1111 4070 quo
1132 3984 1296 4067 sequitur,
1319 4001 1417 4065 quum
1439 3979 1673 4068 Aegyptiorum
1694 3985 1852 4073 quaedam
1872 3985 1984 4053 obser·

148 4107 233 4170 ratio
254 4101 476 4168 astronomica
495 4099 706 4180 inueniretur,
731 4117 777 4162 ex
795 4098 875 4164 solis
895 4099 975 4165 locis
994 4098 1198 4188 planetarum
1219 4097 1256 4170 Θ
1274 4097 1302 4174 ἃ
1325 4103 1359 4173 2l
1385 4096 1435 4181 l),
1455 4098 1612 4186 neglectis
1635 4108 1662 4178 2
1693 4105 1715 4184 9
1743 4114 1775 4164 et
1796 4106 1841 4185 2,
1865 4122 1983 4169 annum

147 4221 329 4293 entissime
351 4219 558 4302 enipeus,
586 4237 650 4301 quo
675 4213 848 4282 obseruata
869 4218 989 4282 inerint
1010 4229 1108 4281 astra.
1151 4215 1209 4280 Ex
1231 4213 1303 4278 loco
1329 4219 1356 4292 2
1379 4233 1458 4278 vero
1486 4219 1509 4298 ἕ
1535 4229 1569 4280 et
1594 4223 1643 4297 ῼ,
1677 4213 1892 4293 versutius»
1915 4218 1984 4286 dies

147 4349 399 4426 cognosceretur
421 4331 656 4398 cbsemationis
675 4327 853 4400 institutae.
896 4333 1107 4419 Horcsccpus
1128 4331 1276 4420 denique,
1299 4331 1369 4396 siue
1383 4328 1479 4396 stella
1500 4328 1665 4416 eclipticas
1678 4329 1862 4413 ascendens,
1884 4356 1981 4420 quum
2114 4362 2117 4373 ,

149 4468 281 4520 notatus
305 4463 491 4519 cerneretur
503 4451 587 4516 inter
608 4445 744 4537 reliqua,
766 4447 880 4516 horam
900 4451 1062 4538 proderet,
1085 4449 1224 4515 silocus
1247 4447 1271 4512 d
1300 4467 1363 4512 uon
1386 4444 1532 4512 sufficere
1552 4445 1746 4512 crederetur.
1789 4448 1840 4514 Ad
1863 4473 1981 4518 anuum

149 4590 336 4655 vero,-quc
357 4566 545 4643 obsematio
565 4568 781 4634 astronomica
801 4567 957 4654 quaedem
979 4568 1063 4633 lecta
1083 4569 1143 4650 sit,
1176 4563 1450 4653 cognoscendum,
1482 4582 1524 4624 ue
1553 4583 1634 4648 opus
1658 4562 1785 4649 quidem
1808 4581 1857 4632 est
1876 4568 1980 4637 tribus

147 4683 290 4773 planetis
311 4683 541 4772 superioribus,
567 4686 633 4750 imo
646 4685 832 4770 saepissime
853 4686 918 4750 duo
939 4681 1110 4767 sufficiunt,
1140 4682 1193 4748 vel
1215 4704 1298 4750 vuus
1317 4677 1462 4762 superior
1482 4696 1552 4740 cum
1574 4679 1736 4762 inferiore,
1764 4679 1866 4748 veluti
1891 4685 1916 4769 1)
1945 4701 1978 4752 et

147 4805 192 4886 2,
221 4805 307 4878 itct
333 4805 380 4887 ἕ,
402 4802 538 4869 siadest
559 4801 743 4868 obseruatio
764 4815 922 4868 accurata.
965 4801 1019 4868 Sic
1039 4801 1157 4886 neti>
1184 4812 1260 4884 post
1285 4793 1405 4862 multos
1426 4792 1553 4858 demum
1575 4816 1695 4879 sanos,
1724 4801 1849 4864 circiter
1871 4803 1976 4868 58748

26 4897 28 4916 ’
144 4941 192 4982 :··.
210 4921 276 4982 736
292 4937 328 4988 ><
346 4923 389 4986 83
410 4919 523 4984 Mem
543 4918 595 4984 dia
615 4915 745 4984 Juliano
766 4918 883 4982 iterum
905 4917 1018 4982 eedem
1038 4917 1110 4982 loca
1129 4913 1262 4981 zodiaci
1280 4921 1454 4996 occupent,
1484 4914 1571 4995 siue,
1595 4915 1681 5000 quod
1699 4915 1786 4980 idem
1806 4926 1874 4997 eat,
1893 4918 1977 5001 pris·

146 5037 255 5123 tinam
271 5055 343 5100 cum
362 5035 399 5106 Θ
426 5049 587 5124 epuncto
616 5031 841 5124 aequinoctiali
865 5052 965 5096 verno
993 5029 1113 5117 singuli
1142 5029 1239 5096 simul
1266 5041 1456 5114 recuperant
1477 5028 1720 5118 longitudinem.
1771 5029 1836 5094 Sed
1858 5030 1899 5096 de
1924 5033 1976 5099 his

144 5155 228 5218 setis
244 5172 417 5239 superque.
468 5151 541 5223 lem
562 5155 645 5219 euim
668 5150 790 5218 clarum
812 5162 880 5232 att,
908 5151 999 5215 cuius
1026 5147 1207 5235 argumenti
1231 5145 1338 5233 gretia
1358 5144 1439 5212 haec
1460 5146 1621 5234 disputate
1643 5147 1792 5226 luerunt,
1820 5161 1895 5233 post
1912 5152 1973 5216 im.

145 5289 259 5336 mense
283 5271 438 5356 temporis
458 5272 564 5358 spatia
584 5270 711 5337 demum
732 5281 873 5356 septem,
895 5287 976 5354 quos
997 5264 1148 5354 Aegyptii
1169 5264 1342 5344 dixerunt,
1371 5263 1526 5430 planeta}÷
1544 5285 1656 5332 omues
1685 5261 1781 5330 simul
1806 5263 1840 5326 in
1858 5263 1972 5330 iisdem

1540 5373 1560 5432 2
