4830 6102
1171 457 1540 564 -aoo-L.

435 709 520 780 qm
543 683 601 758 cal
623 681 715 748 coelo
738 684 825 744 aaut.
861 675 917 740 Ne
931 672 1032 750 forte
1050 671 1182 757 decepte·
1192 671 1343 749 societte
1357 671 1449 738 emo
1469 673 1632 758 mulgetur·
1653 671 1896 740 maiouim
1915 684 1976 746 nat
1993 683 2170 764 chagene·
2191 703 2271 754 m.

439 810 511 876 cttle'
535 805 590 870 cel
608 801 779 879 semim,-
811 789 1056 857 similitudinem
1080 795 1217 858 omniunt
1245 795 1477 874 lamentarent,
1513 809 1597 876 pano
1624 797 1703 854 tant
1728 809 1826 876 caper
1853 799 1966 876 terro,
2000 797 2059 861 cel
2082 802 2194 866 aem
2216 802 2272 868 nt
2315 819 2316 822 ¹

438 926 530 994 coelo
551 919 731 985 colcariae
753 907 1050 996 aequamentum,
1071 927 1156 992 pace
1177 915 1351 973 moueatur
1370 913 1407 972 ιἰι
1428 917 1538 992 terro,
1563 913 1634 974 aiae
1652 912 1801 994 ριἰοῑιιιι,
1826 913 1886 993 qai
1908 907 1965 976 eall
1988 919 2083 980 rma
2102 928 2273 984 ιιιιιιιιτιιι*

437 1053 475 1114 g„
497 1044 601 1128 aquic.
644 1033 707 1098 Hie
726 1025 837 1095 verbio
859 1027 942 1092 enirn
964 1024 1050 1090 clare
1078 1025 1257 1107 indicatur,
1288 1047 1417 1092 omnem
1440 1025 1632 1114 religionem
1654 1045 1832 1113 paganam,
1860 1047 1964 1116 aqna
1984 1029 2096 1096 Moneo
2116 1054 2163 1098 ex
2183 1057 2270 1102 ruau-

438 1165 515 1228 tlato
538 1155 648 1220 diuino
668 1146 835 1216 laraelitaa
857 1145 899 1208 ad
917 1142 1188 1208 Monotheiamum
1209 1161 1364 1208 reuocare
1387 1142 1518 1220 debuit,
1548 1146 1581 1210 in
1604 1165 1644 1210 eo
1665 1145 1868 1227 conantium,
1904 1145 1991 1232 qnod
2016 1161 2105 1212 aetra
2127 1149 2210 1221 coeli
2235 1167 2271 1218 vt

436 1295 594 1369 perronae
619 1269 748 1334 diuinae
769 1261 957 1330 colebantur
978 1274 1074 1348 atque
1095 1261 1244 1348 ringulae
1264 1273 1399 1326 naturae
1419 1275 1529 1347 parter
1551 1262 1592 1328 ad
1614 1259 1743 1348 nugata
1761 1256 2143 1362 nnrlrinnbreferehantur.

523 1392 595 1460 loru
614 1387 759 1452 breuiter
780 1381 1053 1460 demonstremur,
1076 1399 1141 1444 uon
1163 1400 1208 1444 ex
1231 1377 1314 1462 alio,
1336 1380 1394 1446 aad
1415 1379 1476 1445 hoc
1498 1402 1543 1446 ex
1564 1380 1722 1466 principio
1744 1399 1856 1446 omnen
1878 1391 2027 1448 ratarum
2050 1389 2276 1478 atqua-genti.-

437 1515 518 1582 llnm
544 1507 774 1575 hodiernorum
794 1497 970 1586 religionen
985 1509 1027 1562 ¹et
1046 1495 1265 1584 mythologice
1287 1497 1446 1600 explicari
1467 1495 1597 1564 dehere.

524 1624 620 1705 Quod
641 1624 780 1710 primum
800 1617 981 1702 Aegyption
1003 1616 1129 1698 attinet,
1154 1627 1291 1696 conatat,
1317 1637 1414 1702 qnam
1434 1613 1620 1700 imperfecte
1645 1627 1679 1680 et
1698 1613 1780 1683 falae
1800 1615 2032 1682 recentiaaimia
2052 1616 2133 1682 adeo
2148 1630 2268 1705 tempo·

442 1749 532 1817 rihur
550 1747 666 1812 horum
688 1734 888 1822 mythologie
909 1735 1059 1820 exposita
1082 1732 1191 1798 luerit.
1234 1731 1326 1798 Nihil
1350 1731 1494 1798 dicamur
1517 1733 1558 1798 rle
1580 1755 1638 1816 eo,
1663 1734 1749 1820 quod
1770 1734 1929 1820 imagines
1948 1731 2094 1799 Deorum
2116 1731 2270 1800 Dearum·

440 1890 503 1957 qne
522 1868 557 1930 in
583 1858 798 1942 monumentia
820 1853 963 1940 depictor
987 1851 1026 1914 atl
1049 1847 1156 1914 aliena
1180 1851 1312 1914 numina
1331 1848 1573 1936 Aegyptiacae
1599 1849 1733 1919 Graecia
1754 1849 1948 1936 Latinisque
1973 1854 2138 1918 nominata
2158 1851 2273 1918 retule-

440 1997 516 2053 rnut
543 1995 577 2046 et
600 1981 669 2044 vice
690 1994 804 2050 verra,
828 1968 914 2056 quod
937 1970 1070 2032 numina
1093 1965 1297 2053 Aegyptiace
1325 1981 1553 2052 compararunt
1574 1991 1646 2036 cnm
1669 1967 1804 2034 Graecia
1827 1967 2044 2056 llomauiaque
2068 1969 2207 2047 allenium
2240 1986 2274 2036 rt

298 2114 303 2125 ’
442 2102 556 2171 accidit
574 2096 718 2163 maxima
737 2091 773 2154 in
792 2086 938 2152 Pantheo
962 2084 1161 2172 Aegyptiace
1184 2081 1450 2168 Charopollionia.
1492 2085 1667 2172 Praecipue
1689 2089 1723 2152 in
1745 2109 1784 2152 eo
1806 2100 1955 2152 errarunt
1973 2085 2172 2174 mythologi,
2195 2091 2277 2178 quel

442 2216 627 2295 numinibur
641 2208 850 2298 Aegyptiacis
869 2200 1068 2290 significatae
1083 2200 1319 2288 metaphysicoa
1339 2215 1372 2266 et
1384 2199 1507 2268 idealea
1523 2203 1776 2288 adscripserunt·
1795 2204 1880 2291 quod
1895 2203 1961 2272 alin
1976 2203 2017 2270 ad
2034 2211 2275 2293 metonomiam,

441 2359 547 2425 nequa
568 2353 646 2398 reto
669 2328 710 2392 ad
731 2328 819 2392 viret
840 2323 995 2388 ooamioaa
1015 2331 1048 2384 et
1068 2317 1350 2405 anthropologicaa
1372 2318 1572 2396 retuleram
1603 2317 1668 2386 alia
1692 2320 1732 2386 arl
1757 2341 1865 2386 rarum
1887 2319 2050 2404 n'aturam,
2074 2343 2180 2410 neque
2202 2349 2276 2392 roro

443 2457 485 2522 atl
505 2450 640 2520 eoelum.
684 2441 792 2520 Quint
815 2439 900 2527 quod
921 2435 974 2502 vel
996 2438 1179 2522 nuperrime
1201 2440 1286 2504 aerio
1308 2440 1559 2522 contenderunt,
1581 2439 1668 2525 apud
1685 2439 1862 2526 Aegyptios
1881 2440 2021 2526 primunr
2042 2443 2209 2510 exatitiaae
2230 2445 2274 2510 di-

443 2577 551 2640 vinam
573 2563 733 2654 quandam
756 2561 944 2637 trinitatem,
966 2575 1012 2620 ex
1034 2575 1097 2640 qua
1119 2567 1196 2618 nata
1217 2557 1261 2622 tit
1281 2557 1440 2639 emunda,
1460 2559 1558 2622 tertia
1580 2557 1759 2643 quaedam,
1782 2568 1897 2643 quarta
1915 2567 1953 2629 et
1969 2556 2022 2620 aio
2042 2551 2159 2643 po'rro;
2196 2584 2277 2650 quae

442 2687 572 2779 quidem
593 2681 827 2768 Aegyptiorum
849 2676 981 2742 numina
1002 2672 1121 2737 fuerint
1141 2685 1271 2738 vernet
1291 2677 1444 2760 genuina.
1487 2674 1638 2744 vidimus
1659 2689 1779 2757 autem,
1800 2675 1898 2760 louge
1922 2671 2010 2738 aliud
2030 2674 2131 2743 laicae
2149 2679 2278 2763 mytho·

440 2807 550 2894 logice
571 2799 790 2886 Aegyptiacae
811 2795 1014 2881 principium.
1056 2791 1183 2855 Primae
1205 2794 1290 2856 enim
1313 2793 1583 2862 nnminnmortlo
1603 2795 1759 2860 continuit
1779 2806 1903 2880 reptem
1924 2791 2064 2876 Cahyroa
2083 2813 2141 2858 rau
2159 2794 2274 2880 plane·

443 2941 513 3005 tu,
545 2937 682 3006 qnorum
702 2915 832 2980 nomina
853 2909 989 2976 exhibet
1011 2910 1116 2995 prima
1136 2929 1249 2995 regum
1270 2908 1505 2998 Aegyptiorum
1526 2911 1673 2995 dynamio
1693 2911 1778 2998 apud
1799 2909 2048 2993 Marathonem,
2076 2931 2274 3000 quorumque

379 3077 385 3088 ·
444 3037 615 3111 rimulacra
634 3045 767 3098 exstant
788 3030 889 3096 variia
906 3031 941 3094 in
962 3028 1178 3092 monumentis
1200 3025 1300 3110 (Tah.
1314 3025 1410 3094 Vlll.
1424 3026 1528 3111 vn),
1550 3031 1669 3116 quippe
1689 3027 1816 3116 figurae
1838 3029 1987 3115 pusillae.
2029 3028 2083 3094 Sic
2102 3026 2274 3116 Camhyaea
2407 3063 2408 3080 ι

445 3157 591 3242 Cahyroa
616 3147 751 3238 punilloa
771 3147 842 3212 riait
864 3143 1009 3229 Memphi
1032 3155 1128 3228 atque
1149 3142 1244 3206 iidem
1266 3143 1385 3230 Cahyri
1406 3145 1515 3233 punilli
1537 3159 1670 3212 exstant
1690 3146 1774 3212 uliae
1796 3135 1881 3212 iuter
1902 3145 1993 3214 Deoa
2012 3146 2169 3228 maiorer,
2185 3161 2222 3212 rt
2241 3151 2277 3214 in

445 3287 542 3364 perta
561 3268 761 3351 'l'entyritica
782 3263 896 3348 (Deae.
909 3261 950 3326 rle
966 3259 1050 3345 l'Eg.
1065 3257 1142 3324 Vol.
1156 3258 1217 3325 lv.
1231 3257 1315 3326 Tah.
1330 3265 1395 3348 5.),
1425 3285 1508 3350 qnae
1537 3262 1672 3329 eandem
1693 3262 1970 3330 eonrtellationem
1991 3265 2154 3348 continet,
2183 3279 2281 3356 atque

446 3391 605 3461 zodiacus
626 3382 844 3478 Tentyriticua
866 3375 966 3461 (Tah.
979 3375 1074 3457 IV.),
1110 3377 1228 3462 qnippe
1248 3377 1389 3450 Neronia
1410 3382 1625 3446 natiuitatem.
1666 3381 1768 3446 Porro
1790 3381 1871 3446 xtl.
1893 3379 2131 3466 Aegyptiorum
2149 3383 2283 3453 numine

444 3511 577 3576 fuerunt
596 3498 668 3567 ΧΠ
688 3497 819 3563 zodiaci
841 3493 958 3581 Signa,
986 3507 1022 3558 vt
1044 3491 1202 3576 vidimus,
1230 3493 1366 3582 aingnlia
1387 3495 1526 3582 planetis
1548 3497 1718 3584 adacripta.
1761 3494 1898 3584 Reliqua
1918 3499 2053 3564 numina
2072 3513 2222 3585 epectaut
2244 3505 2286 3571 ad

445 3623 528 3692 alica
553 3621 695 3708 partium
722 3608 941 3680 Zodiaoalinm
971 3610 1146 3692 Dominae,
1182 3624 1279 3699 atque
1303 3613 1343 3678 ad
1365 3619 1401 3692 Θ
1422 3627 1455 3680 et
1481 3621 1509 3695 2
1536 3618 1569 3682 iu
1595 3618 1637 3680 iia
1664 3627 1843 3681 narrantea.
1892 3613 2046 3680 Sicanae
2075 3618 2205 3686 trinitaa
2226 3621 2285 3690 illa

444 3740 679 3828 Aegyptiorum
699 3727 1129 3815 celeberrime(1tamephi)‚
1150 3727 1434 3815 Agutlodoenoa‚
1456 3731 1574 3816 Plena,
1596 3733 1703 3798 Aaou
1725 3729 1882 3815 (Crennar
1895 3731 2005 3818 Symh.
2027 3733 2055 3800 1.
2071 3737 2171 3819 uta),
2194 3739 2287 3804 valet

448 3857 620 3924 zodiacum
643 3852 859 3937 tripartitum,
889 3849 979 3929 aine,
1003 3847 1130 3911 ratione
1159 3850 1331 3934 temporie,
1352 3871 1471 3917 annum
1497 3853 1692 3938 tripartitam
1713 3849 1888 3916 secundum
1911 3853 2096 3918 notiaeimaa
2117 3865 2184 3920 trae
2209 3859 2287 3924 anai

450 3983 656 4060 tempeatataa
683 3969 728 4054 (p.
745 3967 826 4050 39.),
849 3964 903 4029 vel
924 3969 961 4042 Θ
981 3985 1129 4055 vernum,
1153 3967 1323 4049 aestiuum,
1346 3967 1564 4034 autumnalem
1585 3965 1808 4060 hibernumne.
1849 3965 1943 4034 Haec
1957 3965 2073 4040 *omnia
2093 3983 2202 4038 autem
2225 3997 2289 4040 nu-

448 4095 536 4161 urina
562 4085 717 4156 coelestia
743 4095 852 4170 partea
875 4103 951 4146 auae
978 4080 1142 4148 habebant
1164 4084 1199 4148 in
1225 4097 1381 4151 terrarum
1404 4084 1501 4168 orhe,
1541 4099 1685 4172 ternpore
1711 4086 1842 4176 vitaque
1864 4083 2017 4154 humana.
2061 4083 2170 4162 Quare
2191 4092 2292 4159 idem

447 4230 564 4278 numen
587 4201 687 4271 veluti
706 4201 812 4268 Orirla
829 4201 936 4266 variae
953 4201 987 4263 in
1010 4221 1046 4264 ae
1067 4199 1253 4270 continebat
1272 4205 1431 4270 notionea.
1474 4203 1588 4290 ltaque
1611 4204 1698 4291 qnod
1721 4201 1978 4286 vetercediaerte
1998 4216 2093 4288 atque
2111 4211 2295 4278 aexoentis
2407 4195 2408 4202 '

447 4333 483 4396 in
503 4327 582 4394 lucia
605 4320 816 4400 tradiderunt,
837 4337 948 4420 omnen
966 4313 1309 4405 Aegyptiorum-Deua
1330 4319 1482 4408 Deaeque
1503 4323 1640 4408 primum
1660 4321 1788 4408 qnidam
1808 4318 1850 4384 ad
1872 4321 2096 4385 astronomiam
2116 4336 2294 4408 apeetare,
2407 4369 2408 4424 p

447 4449 480 4514 id
501 4439 717 4514 monumentis
737 4437 857 4501 noatria
879 4437 1102 4500 artrouomicia
1127 4449 1225 4502 extra
1245 4459 1374 4502 omnem
1396 4437 1627 4510 dubitationem
1650 4440 1792 4526 peritum
1814 4449 1875 4526 eat.

531 4560 602 4625 lam
622 4577 701 4622 vero
723 4556 751 4619 ri
772 4550 990 4640 mythologice
1005 4553 1225 4640 Aegyptiacae
1245 4557 1436 4642 principium
1457 4556 1518 4623 luit
1539 4555 1783 4643 mtrologicurm
1803 4555 1914 4640 negari
1927 4553 2047 4638 nequit,
2069 4554 2159 4622 idem
2181 4561 2296 4630 suinae
2407 4593 2408 4608 ι

448 4681 546 4748 etiam
570 4674 714 4738 Graecae
741 4681 774 4734 et
803 4669 949 4736 Latinae.
992 4670 1123 4736 Diaertc
1146 4673 1231 4736 enim
1251 4671 1436 4738 Herodotus
1464 4685 1617 4754 tentatur,
1652 4672 1844 4760 religionem
1873 4684 1906 4736 et
1931 4674 2068 4738 numina
2090 4673 2219 4744 Graeca
2246 4705 2299 4750 ex

447 4799 599 4886 Aegypto
622 4791 771 4863 veniaeer
793 4789 976 4853 sexcenties
996 4801 1125 4854 veterae
1145 4791 1278 4854 numina
1299 4789 1498 4876 Aegyptiace
1518 4812 1589 4856 cnm
1610 4789 1744 4858 Graecia
1765 4801 2002 4878 compararant.
2029 4791 2174 4861 Eundem
2197 4801 2301 4884 apud

450 4913 594 4981 Graecos
618 4921 651 4974 et
674 4906 855 4994 Aegyptiae
876 4904 1032 4970 hahentur
1056 4907 1200 4974 Deorum
1222 4908 1378 4990 ordinem,
1401 4908 1535 4974 eundern
1550 4909 1705 4998 Triadem
1725 4907 1882 4996 (Crenaer
1896 4905 2007 4990 symb.
2025 4908 2069 4976 11.
2080 4911 2186 4994 tac),
2212 4937 2304 4985 ω..
2407 4911 2408 4998 l

450 5033 524 5098 dem
544 5040 667 5112 septem
683 5022 840 5110 Cabyrm,
861 5023 991 5093 eoadem
1012 5024 1093 5092 XII.
1112 5024 1202 5090 Daca
1223 5027 1373 5090 maiores.
1396 5023 1536 5094 Nomina
1556 5026 1702 5094 Deorum
1716 5027 1926 5112 Deorumque
1945 5024 2077 5105 Graeca,
2099 5027 2187 5112 quoti
2205 5031 2304 5104 aliar
2407 4999 2408 5024 ἶ

450 5141 732 5227 demonatruhitnr,
745 5155 819 5210 aunt
834 5141 1035 5229 Aegyptiace
1056 5158 1112 5210 ant
1133 5144 1218 5218 idem
1236 5156 1333 5230 atque
1353 5141 1410 5208 illa
1432 5143 1659 5231 significantia,
1674 5128 1831 5210 attributa
1849 5156 1883 5207 et
1903 5144 2043 5230 iuaignia
2055 5144 2163 5230 paria,
2184 5150 2299 5236 rigni.

450 5271 568 5348 fioatna
590 5260 742 5350 aaqnelea
756 5261 973 5348 Aegyptiacis.
1015 5260 1067 5326 An
1088 5261 1182 5346 plura
1203 5262 1314 5348 cupiri
1336 5262 1375 5328 ld
1397 5273 1504 5328 nutem
1520 5255 1686 5350 peculiare
1706 5258 1805 5332 hahet
1828 5257 2030 5346 mythologie
2043 5259 2180 5344 Graeca,
2201 5269 2306 5352 qnod
