4896 6096
1205 475 1659 600 —so—'

455 743 522 811 ast,
553 744 649 813 quam
670 741 802 786 seruare
828 715 972 781 ordinem
1002 711 1130 777 urbium
1157 708 1397 799 principalium,
1425 685 1479 775 sel
1501 731 1687 794 nomomm,
1720 731 1784 797 quo
1798 731 1834 775 ·a
1856 709 2022 776 vetembus
2054 731 2293 800 enumerantur,

455 861 552 934 atque
582 843 761 906 discernere
789 831 961 897 interualla
989 831 1074 894 inter
1098 827 1244 914 singulos
1273 848 1405 909 nomos,
1440 831 1558 916 quippe
1586 832 1671 894 inter
1699 849 1735 894 ss
1762 849 1880 914 pares,
1908 831 2053 895 maxium
2076 835 2178 918 paria.
2224 831 2296 901 Hoc

455 974 562 1030 autem
583 977 644 1043 per
670 974 707 1018 se
729 949 940 1037 intelligitur,
969 949 1004 1012 in
1026 947 1181 1012 maximis
1203 945 1437 1031 Aegyptiorum
1466 945 1599 1012 urbibus
1622 961 1656 1013 st
1677 947 1842 1014 dominum
1870 947 2009 1034 aliquem
2038 951 2123 1036 signi
2142 951 2197 1018 sel
2218 974 2296 1040 pro-

454 1077 597 1157 vinciae,
620 1083 653 1136 et
675 1069 844 1136 Decanum
869 1061 1008 1152 aliquem
1030 1061 1084 1130 uel
1104 1062 1320 1130 Nomarcbum
1343 1061 1448 1127 cultos
1466 1064 1578 1130 inissa.
1622 1061 1717 1141 Quod
1737 1079 1864 1130 veteres
1885 1068 1982 1130 etiam
2004 1077 2176 1135 amantur.

538 1193 708 1278 Superest,
731 1199 766 1251 vt
787 1185 967 1265 videamus,
990 1183 1030 1247 sd
1057 1203 1212 1269 quasnam
1233 1179 1346 1246 stellas
1366 1183 1457 1244 varia
1478 1180 1612 1246 deorum
1634 1181 1842 1270 Dcarumqus
1863 1183 2134 1270 Aegyptiacorum
2155 1191 2295 1270 nomina,

454 1309 543 1378 idola
565 1329 638 1373 cum
659 1301 841 1390 insignibus
862 1304 948 1382 suis,
974 1299 1124 1365 animalia
1145 1313 1179 1364 et
1200 1311 1309 1364 cetera
1327 1317 1421 1362 sacra
1442 1299 1556 1364 relerri
1576 1297 1724 1365 debeant.
1768 1297 1842 1376 Qua
1860 1301 1989 1387 quidem
2009 1303 2043 1366 in
2062 1302 2294 1393 disquisitione,

455 1443 492 1496 st
512 1447 572 1514 par
594 1437 654 1505 est,
675 1423 855 1488 maximum
873 1431 1069 1484 momentum
1083 1417 1212 1481 disertis
1225 1427 1370 1480 veterum
1388 1418 1581 1502 scriptorum
1604 1418 1711 1484 effatis
1726 1417 1915 1484 tribuemus.
1959 1416 2053 1496 Quae
2068 1425 2151 1487 enim
2167 1437 2295 1491 veteres

457 1549 497 1612 de
520 1544 754 1631 Acgyptiorum
779 1533 1024 1623 antiquitatibus
1046 1533 1202 1614 tradunt„
1225 1553 1282 1614 ea,
1314 1535 1439 1598 etiamsi
1460 1555 1688 1622 nonuunquam
1708 1539 1794 1600 inter
1824 1557 1860 1601 sc
1884 1537 2066 1623 discrepare
2097 1552 2130 1603 et
2148 1561 2295 1628 pugnare

456 1665 645 1742 videantur,
667 1671 756 1725 certo
780 1677 819 1720 ao
842 1665 913 1718 tuto
933 1652 1143 1716 fundamento
1164 1650 1319 1715 nituntur.

1301 1965 1353 2083 a.
1393 1977 1433 2054 r.

746 2119 814 2202 De
840 2116 1035 2202 ubertate
1059 2113 1319 2220 symbolicas
1347 2114 2002 2254 mythologioqastrouomioae.

540 2304 626 2370 Sane
654 2297 834 2364 mirandum
864 2308 931 2373 cst,
963 2290 1111 2379 symbola
1139 2291 1362 2379 planetarum,
1392 2308 1460 2360 tum
1490 2294 1680 2382 phonetica,
1712 2311 1781 2364 tum
1800 2281 1983 2386 imagines,
2014 2316 2149 2382 quorum
2170 2311 2296 2383 partera

457 2445 521 2489 nou
547 2423 703 2508 exiguam
729 2439 775 2482 ex
800 2414 879 2482 solis
908 2427 1053 2478 veterum
1085 2411 1212 2496 scriptis
1242 2413 1401 2496 eruimus,
1436 2426 1503 2477 tam
1525 2411 1627 2478 multa
1658 2428 1787 2503 tamque
1818 2417 1909 2479 varia
1937 2413 2049 2477 luisse.
2093 2411 2295 2502 Quamquam

397 2530 404 2538 ’
458 2542 562 2616 enim,
590 2536 675 2624 quod
697 2555 796 2620 supra
818 2533 1012 2610 monuimus,
1034 2539 1284 2591 consentaneum
1314 2542 1382 2611 est,
1411 2527 1561 2616 planetas
1592 2527 1656 2594 alis
1683 2533 1813 2596 nomina
1834 2530 2008 2612 babuisse,
2039 2551 2137 2616 quum
2166 2535 2296 2598 numina

454 2657 636 2744 planetaria
657 2653 859 2736 cogitantur;
885 2643 969 2726 aliu,
1005 2665 1102 2732 quum
1123 2642 1255 2709 Zodiaoi
1276 2643 1475 2733 aliarumque
1497 2643 1579 2709 coeli
1598 2647 1738 2732 partium
1761 2647 1881 2714 donnini
1903 2661 2091 2728 sumuntur,
2119 2647 2183 2713 alia
2206 2648 2294 2714 deni·

455 2794 536 2860 quo,
559 2789 656 2856 quum
676 2769 776 2831 variis
801 2778 908 2831 terrac
930 2758 1103 2839 tractibus,
1124 2757 1286 2846 rebusque
1309 2761 1448 2853 physicis
1469 2777 1502 2827 et
1523 2762 1724 2830 naturalibus
1741 2777 1916 2850 praesunt:
1938 2763 2165 2830 nemo‘tamen
2183 2769 2293 2848 nescit,

457 2892 513 2978 qui
535 2884 590 2951 vel
611 2881 779 2970 paululum
798 2895 947 2947 versatus
968 2880 1248 2960 asininarum,
1274 2879 1418 2943 maxime
1439 2879 1692 2966 Aegyptiorum,
1722 2879 1941 2968 mythologia,
1963 2880 2184 2960 Herodotum,
2215 2880 2294 2947 Dio·

457 3002 588 3077 dorum,
616 2996 824 3063 Plutarchum
855 2997 999 3084 aliosque
1028 2994 1142 3059 eadem
1169 2994 1403 3082 Aegyptiorum
1434 2999 1566 3063 numina
1587 3019 1658 3064 cunr
1687 3002 1786 3065 variis
1811 2996 1995 3068 numinibus
2017 2997 2168 3082 Graecis,
2198 3013 2294 3086 atque

458 3121 571 3186 eadem
600 3119 733 3181 numina
755 3112 880 3179 Graeca
908 3134 980 3177 cum
1008 3110 1107 3176 variis
1137 3107 1347 3196 Aegyptiacis
1375 3134 1574 3198 comparare.
1625 3116 1682 3180 Ex
1696 3133 1769 3203 ‘quo
1800 3118 1962 3204 sequitur,
1992 3115 2120 3181 eosdem
2146 3114 2294 3202 planetas

458 3237 539 3302 alios
561 3235 662 3298 luisse
682 3236 715 3298 iu
738 3233 808 3296 aliis
829 3232 942 3318 signis,
965 3228 1050 3316 quod
1071 3225 1218 3292 breuiter
1238 3226 1521 3296 demonstrandum
1543 3230 1711 3302 hebemus.
1755 3232 1884 3298 Scilicet
1905 3254 1968 3297 non
1988 3235 2095 3320 inepte
2118 3235 2294 3298 mouenti

458 3353 613 3440 Aegyptii
636 3350 783 3430 trudunt,
807 3357 891 3426 &et
911 3345 1037 3424 >alios
1057 3366 1128 3408 esse
1147 3343 1270 3408 inullis
1297 3349 1475 3436 signis⁸⁸).
1519 3346 1614 3425 Quod
1637 3351 1765 3438 quidem
1788 3351 1829 3416 de
1852 3357 1901 3436 Θ,
1923 3349 2072 3437 neglecta
2093 3349 2294 3438 nrytbologia

457 3472 609 3556 omnique
631 3465 825 3555 astrologis,
852 3486 911 3549 per
933 3484 968 3527 se
989 3459 1199 3548 intelligitur,
1228 3483 1326 3548 quum
1339 3443 1389 3528 'sd
1410 3462 1517 3530 solum
1536 3481 1671 3532 naturae
1693 3469 1838 3533 ordinem
1861 3482 1894 3532 et
1915 3469 2073 3532 rationem
2093 3467 2291 3551 respicimus.

455 3585 547 3652 Alias
570 3588 655 3650 enim
676 3586 764 3649 vires
795 3583 903 3648 exerit
925 3587 960 3658 Θ
983 3593 1127 3665 tempore
1152 3599 1271 3662 verno,
1300 3577 1382 3646 alias
1411 3583 1556 3668 aestiuo,
1586 3584 1783 3668 autumnali,
1812 3582 1965 3664 biberno;
1994 3583 2071 3670 quin
2100 3581 2237 3672 singulis
2259 3586 2291 3648 iu

455 3707 576 3792 signis,
596 3705 625 3768 si
647 3703 827 3768 accuratius
845 3701 879 3765 iu
901 3714 1048 3786 tempora
1065 3698 1273 3785 inquirimus,
1295 3696 1360 3762 alia
1380 3713 1535 3784 praestat.
1578 3701 1703 3768 Eadem
1722 3703 1865 3768 samatus
1885 3715 1944 3765 est·
1957 3703 1997 3783 D,
2020 3701 2165 3765 maxime
2186 3722 2290 3766 nouae

453 3823 628 3908 cuiusque,
659 3823 688 3884 si
709 3819 737 3904 D
757 3839 829 3883 curn
856 3813 1032 3903 astrologis
1059 3813 1266 3906 Aegyptiacis
1288 3811 1428 3902 aliquam
1457 3819 1526 3882 vim
1554 3819 1588 3884 iu
1615 3841 1724 3886 rerum
1754 3833 1903 3885 naturam
1934 3815 2155 3882 adscribimus.
2199 3813 2290 3880 'l'unc

455 3942 540 4004 enim
567 3939 702 4026 quaeuis
734 3942 762 4013 2
795 3956 882 4000 noua
909 3933 1011 4000 veluti
1038 3939 1202 4013 comeso
1225 3910 1456 3998 consideratur.
1506 3933 1607 4000 l‘orro
1635 3937 1733 4002 iidem
1767 3937 1943 4002 astronomi
1973 3936 2121 4017 tradunt,
2148 3941 2183 4013 Θ
2201 3939 2286 4010 οε)

454 4056 601 4142 quamuis
622 4075 713 4122 suam
731 4067 880 4118 naturam
901 4065 935 4116 ct
960 4048 1100 4116 indolem
1131 4062 1314 4116 constanter
1336 4063 1506 4134 tueantur,
1534 4049 1655 4140 aliquid
1676 4054 1716 4120 de
1738 4077 1849 4120 eorum
1869 4057 2035 4143 signorm
2056 4049 2180 4117 viribus
2199 4073 2292 4116 assu·

454 4193 560 4254 mere,
588 4173 623 4236 irr
651 4191 788 4259 quorum
816 4166 936 4234 finibus
963 4165 1207 4252 versentur82).
1258 4165 1328 4232 lam
1357 4164 1458 4232 babes
1480 4189 1636 4236 summam
1666 4171 1938 4252 videdomno
1961 4169 2051 4256 et).
2094 4167 2291 4258 intelligitur

454 4291 558 4366 enim,
580 4287 661 4354 baec
682 4301 788 4370 astra,
811 4308 875 4374 qua
896 4288 1030 4390 nuntius
1046 4285 1259 4372 Aegyptiace,
1282 4305 1328 4348 ex
1349 4297 1441 4371 parte
1463 4287 1615 4352 conlundi
1636 4289 1677 4354 iis
1697 4311 1769 4354 oum
1791 4287 1993 4373 numinibus,
2017 4311 2097 4377 quae
2116 4285 2291 4351 creduntur

453 4409 560 4473 inesse
584 4403 720 4492 singulis
745 4405 875 4482 zodiaci
899 4399 1064 4490 partibus,
1096 4422 1192 4488 quam
1220 4401 1274 4464 diu
1295 4422 1368 4464 cnm
1389 4403 1429 4464 iis
1451 4407 1542 4489 quasi
1567 4407 1727 4470 coniuncti
1754 4419 1934 4474 versamus.
1987 4405 2068 4472 Cum
2093 4407 2292 4469 astronomis

455 4543 533 4587 vero
562 4525 763 4589 consentiunt
785 4519 965 4607 mythologi
992 4531 1129 4584 veteres.
1170 4515 1216 4580 Id
1242 4535 1385 4604 pscqstc,
1411 4521 1516 4606 iuquit
1534 4521 1684 4603 Procius,
1716 4523 1863 4588 ostendit
1882 4521 2022 4588 madiis
2043 4517 2290 4607 Aegyptiorum,

455 4659 521 4724 qua
542 4645 678 4719 mystice
692 4635 903 4723 perhibetur,
934 4633 1042 4700 Soleus
1065 4640 1102 4699 ia
1123 4633 1265 4718 siugulis
1288 4631 1432 4698 lodium·
1451 4639 1556 4718 ss'gas's
1579 4636 1681 4702 ultast
1702 4638 1865 4725 aliasque
1888 4639 2038 4718 forans·
2067 4637 2206 4704 s’sdrtcrc
2232 4636 2291 4720 (ὥς

455 4757 629 4840 διαφορονς
652 4753 685 4817 is
706 4777 772 4826 τοις
801 4755 922 4830 ludicre
953 4751 1137 4834 ἄμειβοντος
1158 4750 1362 4838 uopqccw).
1404 4751 1486 4817 Item
1521 4755 1607 4819 canit
1627 4753 1822 4821 Anticlides:
1850 4755 1979 4833 Ἢελιος
2002 4759 2174 4840 deliquero
2197 4755 2289 4836 ἅναξ,

460 4916 624 4926 -..ωηο-..-
641 4912 750 4920 ς-.---ι---
759 4912 776 4917 ι-
883 4911 922 4918 ...-

520 5003 568 5067 88)
585 5001 727 5056 Firmicus
745 4999 862 5056 Astron.
882 4997 1001 5052 Liblll.
1019 5001 1114 5071 capi.
1132 5017 1193 5070 cap.
1204 5003 1244 5058 rt.
1264 5001 1329 5056 Lib.
1337 5001 1372 5056 V.
1390 5002 1483 5072 capi
1505 5004 1548 5057 lt.
1574 5005 1685 5062 Similis
1702 5007 1778 5077 apud
1795 5007 1918 5064 Ptolem.
1936 5009 2075 5076 aliosque.

521 5103 569 5168 89)
587 5102 654 5158 th.
668 5101 734 5154 locs
748 5099 875 5154 laudata.
917 5097 965 5153 stc
985 5098 1020 5169 Θ
1037 5102 1068 5155 iu
1086 5103 1137 5172 Ω,
1160 5109 1191 5154 rt
1216 5103 1329 5156 Firmis.
1355 5103 1441 5158 docet
1457 5106 1605 5178 pugili„
1631 5107 1702 5162 iacit
1726 5110 1869 5178 principes
1889 5121 2031 5172 summos,
2050 5101 2088 5175 Θ
2107 5123 2177 5160 vero
2194 5107 2223 5160 in
2245 5113 2288 5173 gr,

454 5190 538 5243 domo
555 5194 594 5260 2,
612 5187 758 5256 procliues
777 5186 813 5239 sd
831 5199 983 5251 venerem,
1000 5187 1135 5240 nimirum
1151 5193 1307 5260 proptor2
1325 5198 1537 5258 cooperantem.

522 5287 569 5357 su)
589 5287 710 5343 Procius
727 5289 758 5342 iu
775 5287 848 5342 Tim.
865 5286 977 5342 Platon.
998 5285 1063 5342 Lib.
1072 5288 1097 5340 1.
1114 5302 1140 5357 p.
1149 5283 1194 5339 33.
