4896 6096
1170 515 1536 598 -ldd—

437 725 639 816 spondeuttt
669 718 816 782 decuriis.
863 710 976 787 Quum.
992 729 1071 773 vero
1100 713 1124 778 b
1157 729 1268 772 eornm
1287 705 1490 793 planetarum
1513 710 1644 774 nomina
1665 720 1698 772 et
1727 709 1865 772 virtutes
1888 720 2050 788 assumet,
2076 709 2111 772 in
2133 729 2269 794 quorum

437 843 586 910 dominiis
606 848 771 905 verseturs
790 827 911 894 clarum
934 838 993 908 est,
1022 832 1046 896 b
1073 825 1136 888 diei
1157 823 1274 898 Isidem
1290 827 1324 888 iu
1346 833 1368 902 ῼ
1391 826 1503 911 signis,
1527 827 1671 890 maxime
1691 827 1726 890 iu
1747 837 1807 905 ὲ,
1831 821 1966 909 aliisque
1987 822 2118 888 Zodiaoi
2139 827 2173 890 in
2195 848 2270 911 par·

437 961 567 1042 tibus2
597 949 749 1017 subiectis
777 957 971 1022 versantem.
1015 942 1058 1014 Et
1085 941 1168 1006 bauo
1196 941 1239 1006 ob
1267 962 1394 1006 causam
1420 940 1526 1006 Osiris
1554 955 1588 1008 et
1616 941 1678 1006 Isis
1710 954 1894 1010 constanter
1922 942 2170 1027 coniunguntur,
2214 941 2271 1006 sic

437 1071 591 1144 Munctbo
618 1070 652 1132 iu
682 1063 830 1150 catalogo
862 1065 995 1126 deorum
1027 1058 1184 1123 Osiridenr
1217 1069 1253 1122 et
1279 1057 1401 1122 Iridenr
1428 1078 1496 1124 cna
1523 1077 1685 1142 regnatne
1710 1057 1798 1123 dicit.
1841 1058 1894 1127 Sic
1918 1073 1953 1122 et
1981 1058 2103 1126 Osiridi
2133 1072 2165 1123 et
2191 1059 2270 1124 Isidi
2302 1117 2306 1124 ¹

439 1193 542 1258 eratin
563 1187 729 1270 omnisque
753 1203 806 1246 res
827 1182 955 1267 agraria
976 1174 1176 1242 adscribitur.
1219 1173 1347 1248 Scilicm
1370 1174 1486 1257 Osiris,
1507 1188 1543 1240 vt
1563 1176 1713 1256 uidimus,
1736 1178 1898 1254 eat01n
1923 1189 1977 1257 ἐξ,
2000 1175 2210 1262 213013532
2233 1179 2269 1240 jn

441 1321 494 1376 ἑ.
526 1304 648 1388 Vtique
662 1300 758 1366 Nilus
779 1320 859 1362 arua
873 1296 1035 1383 relinquit,
1057 1297 1104 1360 ita
1125 1307 1162 1358 vt
1180 1295 1283 1356 aratio
1304 1293 1445 1378 incipere
1467 1295 1581 1378 possit,
1598 1298 1751 1379 quum&
1768 1295 1850 1368 ct)
1867 1313 1954 1358 noua
1973 1305 2144 1358 venentur
2165 1296 2199 1361 iu
2213 1307 2268 1369 ᾗ.

321 1451 322 1456 ’
438 1423 559 1489 Isidem
581 1441 680 1500 vero,
710 1419 888 1490 maximam
913 1414 1145 1499 Aegyptiorum
1171 1409 1281 1490 deam,
1302 1410 1339 1494 ἦ
1365 1411 1399 1476 io
1422 1423 1464 1477 ·‘..².·
1487 1409 1706 1496 significasse,
1737 1431 1782 1474 ex
1803 1429 1843 1474 eo
1866 1411 2010 1477 maxime
2033 1409 2151 1492 elucet,
2183 1411 2271 1496 quod

318 1569 321 1576 ¹
439 1543 619 1605 maximum
638 1537 756 1600 festum
778 1533 948 1618 quotannis
969 1527 1150 1594 habebatur
1162 1524 1308 1609 Bubasti,
1332 1549 1426 1613 qnae,
1448 1540 1484 1592 vt
1505 1527 1655 1610 uidimus,
1679 1538 1728 1593 est
1752 1533 1774 1604 ῼ
1798 1525 1910 1596 domus
1929 1539 1983 1596 ἑ.
2026 1527 2167 1592 Eandem
2188 1548 2268 1591 cero

441 1655 600 1722 Bubastia
621 1641 1420 1749 (noe3.13301.†‚lnnaecoecaeprogeuienn)
1448 1644 1540 1710 inubi
1569 1649 1820 1732 Interpretuntur
1848 1641 1984 1724 Isidem,
2020 1647 2089 1708 siue
2117 1643 2266 1724 Dianae,

444 1778 535 1842 cuius
563 1769 743 1856 symbolum
765 1768 843 1832 luna
865 1740 986 1829 faldata
1012 1776 1082 1827 erat
1103 1762 1244 1845 (Herod.
1259 1759 1303 1826 Il.
1322 1765 1396 1826 137.
1414 1767 1487 1829 133.
1504 1763 1608 1850 166).
1651 1762 1737 1831 Hinc
1766 1759 1929 1826 Diodorus
1957 1760 2000 1846 (I.
2014 1783 2048 1848 p.
2064 1761 2133 1848 24.)
2159 1737 2289 1844 tradiu'

439 1890 549 1958 orben
578 1884 741 1954 notanter
769 1880 859 1946 Isidi
883 1899 954 1942 erte
981 1877 1206 1955 aedificatum.
1248 1877 1372 1944 Eadem
1394 1901 1472 1946 vero
1500 1879 1653 1948 Bubastis
1675 1867 1905 1965 (etslvocatur
1927 1874 2018 1962 ἄγρια
2036 1879 2183 1967 (Ioseph.
2210 1880 2270 1945 rin.

395 2003 403 2020 ⁸
440 2009 538 2076 xlu.
554 2012 584 2071 3.
601 2007 721 2090 p.‚6³8.
739 1997 846 2078 Bel),
871 1996 954 2083 quod
976 1993 1073 2080 plane
1094 1997 1245 2058 conuenit
1264 1995 1359 2074 Isidi,
1381 1999 1500 2084 qnippe
1526 2006 1553 2079 1>
1578 2002 1612 2064 iu
1637 2003 1699 2077 ἐξ,
1721 2018 1792 2062 rem
1813 1996 1973 2081 agrariam
1996 1996 2186 2062 instituenti·
2230 1997 2274 2060 Et

441 2126 515 2191 binc
536 2122 623 2187 baud
646 2115 742 2183 dubie
764 2114 826 2178 Isis
849 2113 963 2176 dicitur
981 2110 1145 2189 Bubastis,
1169 2131 1266 2197 quum
1287 2131 1373 2176 noua
1390 2123 1442 2176 est
1462 2119 1486 2188 Ι)
1506 2116 1541 2178 iu
1562 2127 1623 2188 ὓς
1645 2111 1798 2188 Bubastis
1821 2133 1897 2178 vero
1919 2134 2015 2178 sensu
2034 2115 2187 2178 strictiori
2207 2116 2274 2198 sig·

443 2237 598 2324 mfioatq
625 2235 785 2300 dominam
808 2241 863 2298 ὲ.
908 2227 1059 2294 Ceterum
1085 2251 1105 2292 a
1125 2241 1173 2296 ὲ
1203 2249 1318 2315 reapse
1344 2229 1556 2294 deriuaodum
1585 2243 1664 2317 puto
1696 2249 1813 2294 nomeu
1836 2227 1946 2326 Isidis.
1990 2230 2274 2328 lais(erc1)euirn

443 2367 588 2422 constare
610 2351 738 2418 videtur
761 2371 807 2414 ex
826 2370 852 2422 ιι
874 2347 984 2412 mmor
1006 2361 1040 2412 et
1060 2367 1110 2444 59²
1131 2364 1339 2428 conparare,
1357 2346 1586 2434 perpendere,
1608 2356 1757 2426 statera,
1780 2345 1865 2412 vnde
1887 2364 2000 2444 mqpt
2019 2367 2135 2414 nomen
2159 2361 2202 2418 ὑ.
2227 2361 2276 2412 est

443 2475 676 2562 Aegyptiarum
703 2468 743 2546 (Ι.
759 2472 789 2546 §-
805 2471 837 2532 9.
852 2487 885 2550 p·
901 2469 982 2544 16.)
1026 2464 1111 2530 Hinc
1136 2485 1244 2560 Η-ῳι
1272 2463 1326 2528 vel
1350 2485 1467 2556 ιι-α,
1499 2489 1582 2553 quae
1604 2470 1792 2553 saepissime
1814 2463 2070 2547 confunduntur,
2092 2465 2275 2552 significant

443 2596 567 2659 donans
597 2587 702 2656 librae
723 2584 757 2650 b.
776 2605 806 2648 e.
828 2583 989 2647 domiuum
1014 2583 1049 2645 in
1072 2595 1122 2654 a.
1164 2581 1339 2647 Praeterea
1366 2583 1430 2650 Isis
1451 2583 1554 2652 multu
1575 2583 1640 2650 alia
1662 2584 1795 2647 numina
1816 2581 2000 2668 algnifieare
2023 2584 2167 2664 videtur,
2192 2606 2276 2650 nunc

442 2708 603 2783 coelestia,
623 2725 707 2772 onoc
729 2703 907 2772 terrestria.
951 2695 1227 2773 Quemadmodum
1248 2702 1334 2768 euim
1350 2701 1395 2780 Θ,
1415 2703 1568 2768 itaet)
1595 2700 1667 2766 eliis
1687 2703 1722 2764 in
1742 2698 1875 2766 Zodiuci
1894 2700 2041 2786 partibor
2060 2701 2125 2766 alia
2147 2705 2275 2768 neruiue

443 2828 587 2894 assumit.
630 2822 732 2888 Sicuti
761 2817 877 2904 reliqui
903 2837 981 2880 vero
1010 2812 1178 2898 planetus,
1207 2819 1256 2882 itu
1282 2831 1316 2882 ct
1339 2826 1389 2898 b,
1418 2834 1451 2885 et
1473 2827 1499 2906 2
1523 2821 1672 2905 (utruque
1697 2819 1782 2905 euim
1804 2818 1866 2884 lais
1887 2816 2141 2904 appellabatur),
2176 2824 2277 2886 variis

443 2943 573 3008 zodiaci
594 2939 741 3023 partibor
760 2935 986 3022 praefuerunt,
1015 2930 1118 3001 ueluti
1146 2939 1173 3006 1)
1197 2935 1396 3002 semicirculo
1425 2937 1541 3002 iuuari.
1588 2935 1678 3000 Idem
1706 2934 1795 3000 valet
1816 2935 1856 3002 dc
1877 2949 2032 3003 terrarum
2053 2937 2150 3018 arbe,
2180 2959 2276 3024 quam

444 3064 529 3126 iuter
549 3067 674 3140 septem
693 3052 840 3138 planetas
861 3049 1063 3134 dispertitum
1082 3049 1183 3115 fuisse
1204 3051 1357 3119 diximus.
1401 3054 1487 3120 Hine
1508 3052 1699 3121 Plutarchus
1723 3054 1781 3139 (la.
1800 3054 1889 3134 366.)
1912 3049 1977 3135 ait,
1999 3053 2178 3138 Aegyption
2199 3075 2275 3116 eor·

446 3195 510 3262 pun
529 3171 633 3236 Iridis
653 3181 777 3236 terrun
789 3176 926 3253 patore,
949 3183 1015 3229 nun
1035 3169 1232 3250 uniter-eunt,
1254 3169 1315 3233 red
1332 3189 1425 3254 quant
1436 3171 1682 3248 llilurfoetunr
1706 3170 1827 3237 reddit.
1858 3170 1912 3236 Sic
1936 3181 1960 3246 n
1984 3168 2044 3233 Isis
2064 3191 2136 3236 cum
2152 3168 2276 3236 Cerere

447 3289 626 3375 comparari
646 3286 783 3382 videtur,
807 3306 904 3371 quum
927 3295 1076 3348 versatur
1097 3285 1130 3346 in
1155 3295 1180 3360 2
1201 3283 1327 3369 (Isidis)
1344 3287 1554 3366 semicirculo,
1575 3310 1638 3374 quo
1661 3302 1805 3375 tempore
1825 3288 1937 3375 leugas
1957 3295 2167 3353 maturantur.
2189 3285 2277 3364 Nam

448 3421 481 3472 et
502 3404 581 3471 Isidi
602 3416 635 3468 et
656 3401 768 3469 Cereri
786 3400 916 3487 frugum
939 3401 1113 3465 maturatio
1133 3397 1337 3468 adscribitur.
1380 3403 1568 3470 Herodotus
1587 3404 1644 3487 (ΙΙ.
1660 3410 1712 3471 69.
1730 3407 1836 3482 teu),
1858 3416 1911 3471 eni
1929 3415 2038 3471 ueiens
2055 3404 2139 3488 Itis,
2160 3410 2275 3493 iuquit,

312 3521 315 3524 ’
448 3523 511 3588 deo
532 3522 605 3603 illu,
627 3539 713 3609 quae
726 3541 748 3584 o
770 3516 911 3582 Graecis
932 3515 1031 3581 Ceres
1050 3517 1234 3604 (Δημητηρ)
1259 3517 1459 3604 appellatur.
1498 3519 1572 3586 Huc
1593 3521 1672 3588 iecit
1691 3523 1780 3588 locus
1792 3521 1899 3588 Procli
1919 3523 2014 3606 (Plat.
2023 3521 2110 3590 'I'iru-
2120 3523 2147 3588 1.
2156 3547 2186 3610 p.
2195 3529 2275 3608 ot),

448 3663 511 3729 quo
533 3641 624 3721 dicit,
650 3637 835 3722 Aegyption
864 3632 1038 3720 epduerant
1060 3633 1209 3699 innarenn
1231 3654 1353 3700 oreore
1379 3645 1503 3700 terrun
1524 3633 1722 3706 uelleretur.
1767 3627 1883 3726 Itaque
1902 3653 2034 3728 propter
2054 3643 2163 3707 varios
2183 3640 2278 3706 Isidis

446 3757 656 3847 significatus,
680 3754 762 3820 bano
778 3753 872 3818 dcem
886 3764 1014 3818 veteres
1028 3775 1226 3836 μυριωνυμοιι
1242 3751 1395 3817 dixeram
1411 3753 1512 3834 (Plnt.
1526 3753 1570 3820 Is.
1588 3758 1677 3836 3⁷2.)
1694 3768 1728 3821 et
1742 3755 1889 3844 (ibidem)
1906 3757 2136 3835 multiformen
2158 3766 2277 3844 specie,

446 3882 516 3941 nitu
535 3879 644 3954 corio,
665 3874 795 3934 nomine
813 3870 998 3954 multiiugo.
1042 3864 1138 3944 Quod
1160 3867 1295 3955 deniqne
1321 3871 1479 3956 imagines
1503 3869 1600 3937 Isidis
1622 3874 1757 3954 attinet,
1778 3873 1858 3938 baec
1878 3887 2005 3942 veteres
2029 3877 2168 3942 tradunt.
2213 3878 2277 3941 Eu·

448 3991 587 4058 rtathiur
610 3987 667 4078 (ad
691 3986 787 4053 Dion.
807 3987 880 4053 l‘er.
903 4010 936 4073 p.
953 3987 1040 4066 94.)ι
1074 3982 1124 4050 idi
1145 4005 1251 4050 cocco
1281 3994 1374 4062 erat,
1401 3968 1519 4070 e'nrogol
1532 3985 1627 4054 Ιοιίι
1648 3991 1705 4054 oei
1724 3987 1853 4071 Lunae.
1883 3991 2075 4070 Plutarchus
2098 3994 2155 4079 (la.
2170 3995 2277 4074 stt.):

448 4109 570 4176 iridens
593 4105 728 4173 candent
748 4125 818 4169 oen
841 4103 941 4169 Luna
958 4109 1233 4188 pronunciantes,
1252 4107 1352 4167 etiarn
1373 4111 1542 4188 erresque
1562 4107 1674 4172 eaden
1699 4114 1844 4195 imagine
1864 4119 2133 4195 repraesentant,
2159 4119 2194 4177 in
2216 4137 2281 4200 quo

451 4243 576 4289 omnen
602 4223 719 4288 addito
741 4219 861 4286 Lunae
881 4219 1032 4284 indicunt
1052 4218 1312 4288 illuminationes
1326 4219 1648 4306 falcatumnignue
1669 4235 1779 4291 estest
1799 4233 1925 4306 certes,
1949 4228 2185 4304 occultationes
2208 4239 2282 4296 esne

452 4351 487 4407 et
509 4338 770 4406 obumbrationes
788 4339 976 4424 magnoni.
999 4334 1191 4406 Plutarchus
1205 4335 1266 4421 (Is.
1280 4339 1383 4419 ³68.):
1406 4334 1535 4405 nonan
1555 4341 1669 4407 urendi
1680 4353 1815 4411 sorren
1829 4339 2058 4428 appellabunt,
2075 4351 2110 4408 et
2122 4351 2283 4414 notumne

453 4480 498 4526 en
520 4467 658 4543 cinoque
679 4461 817 4524 natant
838 4475 923 4520 neres
953 4459 987 4518 ei
1013 4450 1242 4536 armabunt.
1284 4453 1374 4519 Idem
1403 4457 1501 4521 tradit
1527 4456 1718 4525 Plutaiohus
1746 4459 1805 4546 (Is.
1823 4481 1856 4546 p.
1881 4459 1972 4545 368.)
1996 4458 2034 4522 da
2060 4457 2156 4524 Luna
2181 4474 2286 4548 atque

452 4573 582 4641 Neitba.
626 4576 760 4642 Seruius
778 4574 885 4660 (Virg.
902 4572 986 4639 Aen.
999 4569 1041 4634 1..
1058 4567 1152 4634 VIII.
1169 4591 1202 4638 v.
1220 4572 1326 4654 696.):
1350 4569 1419 4636 Isin
1439 4582 1492 4637 eei
1508 4593 1625 4642 namn
1644 4576 1792 4662 (δαιμων)
1814 4573 1980 4662 Aegypti,
2001 4574 2088 4660 quod
2104 4595 2167 4660 per
2189 4584 2289 4644 emm

453 4697 579 4770 notun,
600 4692 684 4774 qnod
702 4697 794 4774 gerit
812 4695 848 4757 in
869 4689 1012 4767 dextra,
1034 4684 1113 4756 Nili
1135 4705 1289 4756 necessus
1308 4707 1518 4777 recessusque
1538 4690 1732 4774 significat:
1753 4711 1821 4775 per
1841 4693 2006 4765 meliust,
2027 4711 2123 4776 quant
2144 4697 2287 4778 einim

453 4827 552 4875 nanu
572 4811 713 4887 retinet,
744 4807 889 4870 ostendit
908 4806 1122 4885 affluentiori
1143 4809 1282 4870 matun
1305 4805 1509 4872 lacerarunt.
1554 4805 1663 4890 Adde,
1693 4809 1796 4895 quod,
1827 4829 1925 4894 quum
1946 4807 2060 4874 Herus
2086 4813 2181 4876 matri
2204 4810 2289 4878 Isidi

454 4924 647 5012 Typhonem
667 4919 830 5002 liberanti,
851 4920 998 4992 diadema
1017 4921 1231 5011 detraxisset,
1253 4921 1392 4996 Hermes
1412 4924 1514 4990 fertur
1537 4925 1615 4990 Isidi
1637 4940 1734 5013 caput
1753 4925 1906 4994 boninum
1929 4928 2133 5013 irnposuisrc.
2169 4926 2289 5014 Itaque

455 5042 517 5119 Isis
539 5039 720 5127 (Horapoll.
738 5037 765 5105 l.
783 5041 828 5121 3.)
849 5037 991 5104 bumana
1010 5039 1116 5124 specie
1137 5038 1340 5127 fingebatur,
1363 5062 1447 5107 nunc
1467 5043 1572 5128 cupite
1591 5040 1727 5125 bouino,
1750 5065 1835 5109 nunc
1859 5041 1932 5108 aliis
1953 5037 2151 5126 insignibus,
2173 5045 2288 5127 ιιίιιο,

455 5157 571 5240 titula,
594 5155 739 5243 parthus
763 5159 930 5243 utriusque
953 5175 1053 5222 sexus
1074 5155 1269 5242 genitalibus
1292 5173 1415 5225 ornata.
1459 5159 1588 5224 Inuabit
1609 5159 1671 5240 hnc
1690 5158 1762 5224 luco
1784 5177 2052 5239 commemorare,
2077 5179 2134 5224 our
2157 5174 2292 5228 veteres

332 5299 340 5316 ·
455 5275 541 5376 baud
572 5273 668 5340 dubie
698 5274 898 5342 confuderint
924 5277 950 5344 1)
980 5293 1052 5335 curu
1082 5278 1105 5346 2
1136 5284 1233 5355 atque
1260 5286 1430 5358 utrumque
1463 5287 1585 5338 astrum
1614 5275 1727 5349 eudem
1757 5281 1886 5344 nomine
1907 5277 2110 5355 ,uocaueriut
2154 5277 2294 5348 Scilicet
