4896 6096
1206 529 1549 606 ...7ss-

462 749 563 804 totam
587 722 1068 815 antiqnitatemlsudntiseima,
1097 739 1182 804 quae
1201 719 1264 784 l'uit
1295 719 1527 806 Aegyptiorum
1550 722 1658 802 natio,
1694 720 1774 785 adeo
1801 720 1979 806 impietatis
1998 731 2032 784 et
2062 721 2299 806 snperatitionis

460 851 633 946 procedere
656 843 815 929 potuerit,
836 852 872 902 vt
892 839 1033 902 numinis
1054 839 1197 918 aeterni,
1220 841 1451 926 omnipotentis
1471 853 1505 904 et
1523 838 1766 918 clementiani
1785 837 1869 918 loco,
1893 849 1983 903 astra
1996 838 2124 919 inertia,
2147 837 2300 904 animalia

464 972 577 1046 hrnta,
608 961 750 1044 eliasque
771 977 826 1022 res
846 955 929 1021 viles
951 967 984 1018 et
1008 953 1170 1037 abiectas,
1201 957 1234 1020 in
1258 977 1364 1022 rerum
1388 969 1505 1020 natura
1526 956 1734 1041 compienne,
1764 955 1873 1022 diuise
1894 953 2022 1020 honore
2051 969 2301 1042 prosequeretur

463 1101 558 1171 atque
581 1073 737 1144 eiusmodi
765 1096 785 1137 e
809 1075 906 1158 nugis
929 1092 1042 1137 veram
1064 1069 1202 1136 salutem
1230 1085 1404 1158 repeteret.
1455 1070 1507 1138 Ad
1537 1071 1619 1138 been
1644 1094 1724 1138 vero
1749 1071 2028 1159 respondendnm,
2056 1073 2217 1136 veriorem
2236 1069 2299 1136 Dei

465 1203 509 1268 θ.
524 1199 572 1266 M.
595 1195 811 1281 coguitionem
834 1203 867 1254 et
889 1189 1008 1254 cultum
1029 1189 1147 1254 sensim
1168 1192 1350 1273 sensimque
1369 1189 1496 1253 demum
1519 1191 1552 1254 in
1573 1189 1724 1276 Aegypto
1745 1211 1872 1276 quoque
1892 1190 2038 1277 periisse,
2063 1207 2198 1274 emaque
2220 1209 2302 1252 unn-

463 1338 560 1407 quem
578 1313 675 1402 plsue
697 1308 887 1395 abrogatam
907 1307 1017 1370 fuisse.
1060 1305 1152 1370 Haec
1174 1308 1260 1370 enirn
1281 1304 1505 1393 philosophiae
1528 1320 1579 1372 est
1598 1311 1695 1388 ratio,
1716 1319 1753 1372 ιι
1775 1321 1833 1372 aut
1851 1313 2111 1393 qneqnanorsum
2131 1307 2300 1390 exspatie-

464 1451 535 1518 tnr,
558 1445 632 1512 aut,
657 1449 754 1515 quum
774 1423 836 1490 sibi
858 1435 998 1503 constet,
1018 1420 1175 1508 paulatim
1195 1425 1230 1489 in
1252 1423 1444 1489 deteriorem
1461 1429 1579 1492 statum
1602 1423 1782 1490 delabatur.
1825 1422 1977 1490 Ceterum
1995 1425 2152 1507 mysteria
2172 1422 2302 1510 Aegyp·

463 1557 583 1618 tiorum
602 1545 716 1612 lrabite
738 1543 862 1621 doeeut,
886 1541 1045 1605 veriorem
1060 1537 1156 1604 fidem
1173 1542 1258 1605 inter
1272 1562 1392 1628 pancos
1412 1556 1498 1607 certe
1518 1544 1732 1628 propagatam
1754 1541 1864 1608 ln’use.
1905 1541 2015 1607 Etiam
2035 1540 2155 1606 diserte
2174 1552 2302 1606 veteres

465 1669 614 1746 tradunt,
653 1665 686 1728 in
717 1661 815 1726 tantis
839 1657 1073 1744 Aegyptiorum
1102 1659 1233 1745 ineptiis
1260 1660 1452 1745 sapientiam
1481 1659 1642 1746 quandam
1668 1659 1820 1741 letnisse,
1856 1679 1953 1745 quarn
1981 1656 2205 1744 theosophiaur
2234 1670 2302 1722 arte

464 1782 658 1872 symbolice,
680 1777 782 1844 veluti
800 1775 1022 1854 vestimentis,
1046 1773 1243 1857 inuolutam,
1270 1775 1374 1841 dicere
1394 1776 1483 1842 lieet.
1526 1776 1579 1841 Sic
1599 1775 1751 1858 Procius,
1782 1776 1930 1862 quemuis
1951 1772 2145 1860 ethologiae
2168 1773 2300 1853 esseda,

463 1903 605 1991 planetis
625 1898 701 1962 dicit
721 1893 829 1960 Deum
849 1889 1066 1956 insensibilem
1082 1903 1115 1954 et
1133 1905 1298 1956 aeteruum
1316 1895 1363 1956 vti
1377 1905 1415 1956 rt
1433 1896 1566 1979 organis
1586 1905 1765 1978 temporum
1778 1893 1838 1973 2Ι).
1880 1888 1994 1955 Simile
2012 1889 2110 1955 babet
2127 1889 2301 1974 Araobins,

464 2020 588 2084 dicens:
618 2035 684 2080 nou
712 2014 880 2098 ignorasse
908 2009 1075 2093 antiquos,
1104 2007 1187 2073 nihil
1221 2008 1342 2074 bebere
1369 2008 1520 2076 Numinis
1550 2013 1662 2097 signa,
1699 2028 1804 2094 usqne
1835 2005 1936 2072 ullum
1964 2010 2094 2072 ommno
2118 2010 2226 2074 inesse
2253 2009 2303 2074 his

464 2153 611 2207 sensnm;
641 2128 698 2194 sed
727 2138 860 2214 propter
889 2126 1080 2189 indomitum
1105 2121 1223 2211 vulgus
1248 2149 1288 2192 ea
1313 2127 1471 2192 formasse
1500 2123 1758 2208 salutariterii).
1810 2121 1885 2200 Qua
1914 2124 1954 2189 de
1981 2135 2079 2190 censa
2106 2124 2304 2212 mythologie

466 2251 686 2339 Aegyptiace,
712 2245 859 2332 quemuis
880 2239 1095 2306 abominanda
1115 2255 1148 2306 ct
1169 2243 1328 2326 ueleude,
1351 2245 1444 2308 initio
1465 2243 1579 2310 saltem
1598 2245 1759 2309 amiota·
1780 2239 1970 2328 religionem
1991 2243 2025 2306 in
2047 2261 2083 2305 se
2108 2243 2302 2308 continuisse

466 2391 503 2433 nc
523 2364 698 2432 iuuolnisse
717 2363 864 2443 videtur,
886 2358 988 2424 donec
1007 2361 1041 2423 io
1056 2353 1311 2444 'polytheismum
1330 2374 1365 2426 et
1385 2361 1623 2448 pentheismnru
1644 2361 1868 2446 degeneraret.
1965 2389 1967 2394 ·

551 2511 718 2580 Grauioris
739 2511 894 2576 momenti
915 2522 984 2590 est,
1008 2508 1093 2593 qnod
1116 2505 1281 2591 obiicitur,
1310 2508 1543 2596 mythologiam
1567 2508 1743 2589 Graecam,
1775 2525 1949 2594 quaecum
1972 2485 2305 2595 Aegyptiamaretia-

465 2641 545 2704 sitne
574 2632 764 2709 cohaereat,
803 2648 868 2691 non
893 2639 1042 2690 constare
1077 2610 1263 2690 numinibus
1292 2615 1524 2693 astronomicis.
1586 2625 1671 2690 Seue
1700 2623 1937 2690 eoncedendum
1969 2637 2036 2701 est,
2072 2623 2304 2710 mythologiam

466 2753 623 2820 Graecam
638 2762 672 2813 et
693 2743 888 2831 Aegyptiam
911 2744 1090 2808 arctissime
1103 2742 1188 2806 iuter
1210 2764 1245 2807 se
1266 2747 1428 2831 coniungi,
1451 2742 1536 2829 qnod
1559 2755 1688 2808 veteres
1712 2755 1872 2808 testantur
1893 2753 1991 2828 atque
2010 2743 2176 2828 utriusque
2197 2745 2305 2828 gentis

464 2873 596 2936 numine
620 2870 705 2929 iuter
733 2882 769 2925 se
798 2873 983 2948 comparata
1014 2858 1246 2926 demonstrant.
1297 2861 1368 2926 lmo
1397 2859 1566 2948 probabile
1591 2873 1657 2940 est,
1690 2874 1859 2947 utramque
1887 2857 2078 2945 religionem
2109 2871 2164 2922 sut
2192 2881 2304 2945 parem

465 2989 566 3052 fuisse
587 2983 698 3058 initio,
720 2989 795 3058 aut,
818 2978 904 3062 quod
922 2977 1109 3041 Herodotus
1131 2976 1249 3065 aliique
1270 2978 1384 3045 volout
1404 2977 1553 3067 qnodque
1576 2975 1813 3064 Aegyptiorum
1835 2979 1870 3043 ln
1895 2975 2035 3042 Graecia
2054 2974 2200 3042 coloniae
2221 2981 2305 3044 enti-

467 3103 640 3192 qnissimae
663 3092 821 3183 probant,
844 3105 945 3156 totum
967 3090 1036 3156 fere
1056 3091 1225 3158 Pantheon
1248 3092 1481 3182 Aegyptiaenm
1504 3095 1680 3181 antiquitus
1701 3097 1736 3160 in
1757 3093 1928 3160 Graeciam
1946 3095 2087 3159 venisse.
2131 3095 2176 3159 At
2191 3095 2306 3162 distin·

466 3218 629 3309 guendum
643 3227 692 3278 est
706 3215 791 3276 iuter
812 3211 972 3296 antiquam
991 3207 1187 3274 Graecorum
1201 3207 1298 3274 fidem
1315 3225 1347 3275 et
1366 3213 1580 3277 recentiorum
1594 3225 1774 3282 comrueutn
1786 3209 2009 3299 philosophica
2024 3224 2058 3276 et
2077 3211 2305 3301 mythologice.

466 3337 520 3399 Sic
541 3331 650 3398 multis
672 3348 861 3415 persuasum
883 3340 944 3407 est,
968 3347 1096 3406 ornnem
1117 3329 1342 3413 paganismum
1365 3349 1409 3392 ex
1433 3329 1544 3394 eadem
1567 3328 1675 3393 radice
1696 3331 1885 3417 prouenisse
1913 3342 2009 3416 atque
2027 3349 2138 3394 omues
2158 3334 2305 3418 gentium

468 3426 682 3534 mythologias
704 3447 750 3510 ita
770 3458 807 3508 vt
829 3464 936 3508 remos
959 3445 1053 3508 vuius
1074 3438 1199 3507 arboris
1219 3445 1304 3508 iuter
1325 3465 1363 3510 ae
1384 3447 1553 3533 coniungi3
1581 3459 1678 3534 atque
1699 3445 1919 3514 demonstrare
1939 3467 2036 3533 posse
2057 3445 2208 3531 eredunt,
2238 3471 2305 3536 my-

468 3565 646 3650 thologinm
673 3561 908 3648 Aegyptiaoam
937 3561 1059 3646 pariter
1083 3573 1179 3646 atque
1208 3558 1437 3645 Chaldaicam,
1469 3562 1696 3645 Phoenicium,
1725 3563 1904 3646 Persicam,
1932 3561 2093 3646 Indicam,
2123 3563 2303 3652 Siuenmm,

466 3683 561 3770 quidi
583 3679 668 3767 quod
688 3677 916 3759 Mexieauam,
948 3676 1142 3742 Germanum
1168 3675 1311 3764 aliasque
1336 3679 1547 3746 fundamento
1576 3682 1790 3746 astronomieo
1813 3683 1928 3746 eodem
1948 3681 2060 3748 inniti:
2093 3683 2151 3747 sed
2172 3685 2303 3751 eaedem
2340 3653 2346 3670 ἱ

465 3797 685 3886 mythologiae
707 3795 809 3859 variis
830 3797 865 3858 iu
887 3794 981 3857 terris
1001 3791 1136 3858 subinde
1161 3794 1241 3859 adeo
1263 3816 1323 3862 ano
1343 3800 1478 3883 quaenis
1498 3798 1596 3863 modo
1617 3797 1724 3863 excoli
1747 3809 1781 3862 et
1803 3799 1920 3861 motari
1941 3813 2133 3886 coeperunt,
2161 3815 2199 3866 vt
2221 3825 2303 3868 nnnc

466 3939 531 3982 uou
553 3915 615 3980 uisi
635 3915 669 3977 in
691 3912 853 3997 principiis
867 3911 952 3975 iuter
973 3931 1009 3974 se
1031 3913 1211 3976 consentire
1231 3913 1411 3979 rideantur.
1454 3911 1700 3990 Quamobrem
1721 3935 1785 3980 non
1807 3916 1922 3980 mirum
1938 3929 1998 3998 est,
2019 3915 2185 3986 Pantheon
2200 3917 2302 3984 Gree-

466 4055 539 4100 cnm
559 4031 599 4096 ab
620 4029 821 4116 Aegyptiace
851 4027 998 4113 plurimis
1020 4029 1161 4094 numeris
1182 4027 1323 4096 differre.
1365 4029 1461 4107 Quod
1487 4029 1656 4096 discrimen
1678 4035 1712 4097 iu
1734 4053 1774 4097 eo
1794 4033 1996 4119 potissimum
2017 4037 2182 4120 censistit,
2217 4039 2301 4124 quod

468 4150 584 4216 Graeci
604 4159 752 4211 naturum
780 4145 912 4210 deorum
934 4145 1172 4230 insensibilem,
1199 4167 1256 4210 seu
1286 4145 1492 4231 decenderat,
1521 4152 1664 4218 maxime
1687 4162 1763 4214 aute
1786 4148 1897 4214 oeulos
1915 4149 2100 4218 habuerunt
2123 4168 2239 4240 atque,
2266 4169 2302 4219 vt

466 4288 531 4332 vno
551 4261 652 4330 verbo
670 4262 793 4345 bearn,
821 4260 1011 4349 religionem
1041 4262 1081 4327 de
1100 4262 1191 4329 coelo
1220 4267 1254 4330 iu
1285 4277 1403 4329 terram
1432 4266 1655 4332 detraxerunt.
1699 4265 1902 4355 Mythologia
1931 4272 2016 4334 euiru
2040 4267 2163 4334 Graece
2191 4273 2302 4354 potins

467 4387 626 4449 interrae
648 4376 767 4444 finibus
787 4378 949 4472 rebusque
971 4382 1100 4466 proprie
1124 4378 1324 4446 naturalibus
1345 4384 1470 4446 venari
1495 4387 1654 4469 cernitur,
1675 4385 1800 4468 queue
1823 4407 1922 4450 eausa
1941 4399 1975 4452 et
1988 4384 2102 4452 beroea
2121 4387 2205 4450 iuter
2221 4385 2303 4453 deos
2415 4447 2422 4458 ,

468 4497 618 4564 retulisse
641 4495 758 4561 Graeci
780 4497 1003 4580 videntnr²⁸).
1047 4496 1093 4563 At
1114 4519 1193 4562 vero
1221 4500 1380 4584 principia
1401 4498 1620 4588 mythologice
1649 4499 1794 4567 Graecae
1816 4517 1912 4590 etque
1939 4502 2157 4589 Aegyptiacae
2188 4503 2303 4570 eadere

466 4615 588 4695 luisse,
613 4625 700 4677 certo
724 4615 843 4678 certius
863 4627 914 4678 est
934 4625 1031 4699 atque
1052 4611 1121 4678 sole
1152 4635 1197 4678 ex
1219 4611 1389 4681 Herodoto
1410 4613 1505 4682 iacile
1526 4617 1739 4682 demonstrari
1759 4631 1878 4707 potest
1927 4617 2099 4701 Ceternm',
2128 4619 2304 4688 manlium

466 4733 632 4820 utrimque
664 4728 883 4816 mythologice
909 4743 1033 4795 statuas
1058 4729 1239 4814 sinodum,
1271 4752 1335 4797 nou
1357 4735 1464 4820 agitur
1484 4733 1524 4796 de
1547 4731 1690 4816 Graeca,
1722 4737 1778 4801 sed
1801 4735 1842 4801 de
1865 4735 2067 4823 Aegyptiace
2089 4735 2302 4825 mythologie,
2430 4817 2431 4840 ,

494 4909 603 4919 --ο--ν

466 5007 584 5168 ug}
600 5005 904 5148 Proclprqxiqxl’laton.
918 5009 995 5078 Tiar,
1015 5013 1079 5070 bib.
1093 5016 1143 5071 tv.
1161 5032 1224 5088 pag.
1238 5018 1299 5078 etr.
1320 5017 1393 5072 Vide
1411 5034 1483 5089 qnae
1505 5020 1692 5076 lablouskins
1711 5021 1798 5073 affert
1814 5022 1842 5073 in
1859 5019 1986 5077 Pantheo
2007 5024 2075 5098 Aeg.
2094 5021 2172 5074 Prol.
2190 5039 2208 5098 p
2226 5025 2305 5080 XLI.

488 5131 496 5148 .
592 5107 631 5145 re.
648 5105 709 5160 que
807 5131 814 5147 .

534 5193 582 5260 n)
599 5192 743 5248 Arnohlua
759 5197 900 5252 aduersus
919 5199 1027 5254 Gentes
1043 5197 1077 5252 L.
1087 5196 1135 5254 vt
1152 5199 1247 5266 1³³⁰&

533 5295 580 5360 28)
597 5292 665 5354 Vld.
679 5295 841 5354 lablonriril
856 5295 960 5356 Panth.
978 5299 1047 5368 deg-
1064 5296 1180 5369 Proleg.
1198 5297 1308 5364 txxt.
1325 5299 1461 5368 nmil-
1479 5319 1517 5353 ss.
