4830 6102
847 489 1070 572 ...353
1131 555 1216 570 ...-

127 673 257 750 dininns,
278 673 413 759 propria
436 670 604 740 voluntate
625 677 808 742 instructas.
843 677 1020 763 Diodorus,
1041 687 1258 747 uetustissimi
1275 689 1311 748 ιἰι
1323 683 1478 770 Aegypto
1501 691 1677 776 nortales,
1698 696 1801 782 iuquit
1822 700 1909 784 (Lib.
1928 703 1956 770 I.

125 813 156 876 p.
170 793 217 856 10.
231 787 307 876 W.)
314 837 325 874 ,
365 787 515 853 nandans
543 809 645 877 supra
672 793 889 881 contemplati
910 806 944 861 et
964 819 1030 864 soa
1058 803 1130 868 sine
1161 807 1293 885 stupore
1321 801 1492 887 destinati,
1530 812 1680 873 uniuersi
1699 823 1854 880 ιιιιιιιιαιιι
1877 817 1975 885 duos'

125 927 189 972 erse
216 904 312 970 Deos
339 909 577 1004 ansitimpqnt
597 917 752 977 aeternos
779 920 815 976 st
831 918 974 997 passos,
1008 913 1115 980 Soleae
1143 925 1179 981 et
1205 915 1346 983 Lunna.
1384 917 1456 986 Hos
1477 919 1571 986 Deos
1593 925 1743 1005 nondun
1769 936 1956 998 aussoreno·

127 1021 309 1108 gubernans
330 1030 490 1122 statuqqt,
503 1029 688 1108 ιιιιιιιιιιιιι
707 1037 742 1093 ιι
759 1025 984 1113 gubernantes
1005 1036 1123 1096 onnia.
1161 1032 1331 1114 Eusebius,
1351 1042 1413 1100 ont
1430 1037 1603 1114 duntaxat
1620 1043 1701 1125 Soli,
1723 1049 1826 1132 inquit
1846 1049 1897 1131 (P.
1914 1051 1955 1116 E.

126 1142 182 1208 lli.
197 1144 259 1228 4.)‚
280 1139 395 1205 nandi
413 1115 610 1206 notitam
630 1141 820 1210 ιιιὸιιιιιιιιι
837 1145 1006 1232 Aegyptii.
1044 1146 1133 1212 Solis
1155 1154 1425 1236 (septemremis
1445 1175 1555 1224 rerunt
1573 1167 1801 1227 uniuersorum
1824 1185 1957 1233 ιαιιιιιιι

127 1265 352 1344 asss'gnarust,
384 1275 430 1322 ιι
451 1255 533 1333 suti
551 1265 751 1326 necessitate
773 1263 977 1349 sidereaque
999 1272 1089 1328 nsotu
1116 1276 1151 1330 et
1175 1272 1363 1351 agitatione
1387 1280 1507 1336 concta
1529 1253 1776 1361 rependentes.
1819 1281 1873 1348 Sia
1894 1288 1957 1351 orti

126 1389 193 1442 sant
220 1378 287 1440 inm
318 1374 577 1458 satagentium
595 1376 825 1462 dispersionem
853 1395 977 1468 septem
999 1382 1047 1448 illi
1069 1381 1183 1450 Cadini
1202 1384 1349 1470 (lor-,tss)
1378 1388 1651 1476 Κοσμοκριτορις,
1678 1393 1781 1462 Ksat
1808 1399 1962 1487 (sortes),⁸

126 1494 222 1562 uentu
243 1490 440 1578 (potentes);
466 1490 592 1578 quibus
614 1498 749 1562 semesis
778 1509 910 1564 ostanus
934 1498 1091 1566 Cabirus:
1122 1513 1279 1566 terrarum
1308 1499 1396 1566 orbis
1425 1507 1470 1588 (p.
1488 1508 1567 1590 ⁷9.)
1610 1507 1706 1594 Apud
1736 1533 1847 1582 omues
1871 1521 1956 1616 ⁶an

128 1610 261 1698 populos
286 1610 489 1694 reperiuntur
518 1607 599 1680 bueo
629 1614 760 1680 numina
792 1635 960 1701 suprema,
998 1619 1047 1686 vti
1074 1631 1210 1700 constat,
1244 1619 1330 1704 apud
1357 1619 1555 1704 Aegyptios,
1581 1624 1780 1712 Aethiopes,
1803 1630 1957 1718 Graecos,

126 1728 281 1809 nusum,
299 1724 499 1808 Phoenices,
520 1725 664 1810 Arabes,
690 1728 890 1815 Chaldaeos,
918 1735 1053 1818 Persas,
1079 1736 1269 1822 Europaeos
1291 1738 1456 1823 antiquos,
1483 1738 1611 1824 ludos,
1626 1743 1799 1830 Sirenses,
1831 1749 1958 1826 Αιιιιιι·

126 1867 231 1910 canos
245 1843 395 1930 aliosque.
906 1897 908 1906 ι

212 1962 279 2032 lam
301 1985 344 2028 ex
367 1959 504 2048 Cabpris
528 1964 717 2046 prodierunt
738 1965 819 2040 xit.
844 1967 901 2034 Dii
922 1969 1074 2036 maiores.
1117 1967 1245 2035 Scilicet
1266 1991 1363 2057 qunrn
1387 1973 1518 2040 zodiaci
1542 1973 1622 2042 Xll.
1645 1978 1745 2066 &gua
1764 1986 1860 2051 vuius
1884 1991 1959 2054 anni

126 2082 259 2148 dacum
283 2079 468 2158 Noniluniis
491 2094 523 2145 et
545 2081 733 2151 Pleniluniis
762 2083 912 2148 distinata
940 2097 1048 2151 essent
1075 2097 1170 2172 atqua
1192 2087 1360 2173 riderent,
1394 2101 1429 2170 Q
1454 2106 1487 2157 ιι
1511 2101 1560 2172 2,
1589 2091 1665 2158 lieet
1686 2095 1797 2167 habita
1821 2119 1959 2184 externo

127 2199 208 2266 nihil
225 2221 282 2286 per
303 2221 424 2280 ιιιιιιιιιι
446 2213 657 2279 mutarentur,
668 2200 758 2266 alias
779 2215 876 2288 ntqno
900 2199 981 2267 alias
1000 2203 1088 2268 vires
1110 2225 1265 2270 exserere
1286 2208 1422 2294 singulis
1443 2211 1476 2274 iu
1490 2210 1617 2297 Signis3
1640 2184 1755 2297 sponte
1778 2209 1962 2309 philosophi

125 2341 166 2385 ao
186 2331 413 2408 peruenerunt,
436 2331 473 2382 vt
495 2330 656 2404 putarant,
679 2341 742 2384 non
765 2319 870 2386 solum
889 2316 1040 2405 planatis,
1062 2321 1118 2387 ssd
1141 2325 1237 2390 ebant
1260 2325 1397 2412 singulis
1422 2325 1555 2392 Zodiaei
1581 2328 1726 2412 partibus
1747 2335 1854 2400 inesse
1877 2341 1961 2404 vires

125 2438 265 2521 diuinas,
296 2457 381 2524 quae
406 2457 478 2500 oum
502 2439 537 2514 Q
560 2449 593 2500 ιι
620 2442 649 2513 ὶ
674 2449 924 2522 cooperarentur
950 2439 986 2502 in
1007 2459 1115 2504 rarum
1136 2454 1253 2506 natura
1276 2463 1335 2528 par
1364 2465 1483 2508 annum
1506 2443 1702 2510 moderanda
1723 2470 1761 2512 aa
1782 2451 1959 2539 dirigenda.

124 2555 277 2634 Quamuis
300 2553 393 2620 initio
413 2550 574 2622 Zodiaom
601 2555 687 2625 inter
709 2553 858 2640 planetas
883 2554 1005 2628 diuisus
1034 2569 1121 2621 esset
1148 2561 1271 2642 paritor
1300 2573 1398 2644 atque
1424 2573 1582 2628 terrarum
1603 2561 1708 2637 orbis3
1743 2572 1891 2652 quamuis
1910 2543 1960 2636 ts}
2002 2609 2005 2617 ·

123 2673 257 2742 mltates
278 2669 457 2754 Cabprioaa
486 2671 580 2737 initio
608 2672 752 2739 sidericis
782 2693 884 2758 aequo
908 2693 947 2736 no
971 2671 1180 2754 ‚terrestribus
1199 2674 1406 2742 facultatibus
1427 2689 1629 2748 constarentt
1661 2679 1810 2746 viderunt
1838 2675 1958 2770 tamen,

124 2791 303 2881 singulares
326 2789 499 2877 Signorum
522 2790 657 2856 effeetus
685 2809 925 2876 pugnatorum
948 2787 1170 2875 planetarum,
1211 2793 1355 2860 maxime
1374 2813 1447 2856 eoru
1467 2801 1502 2870 Q
1523 2789 1631 2857 indole
1653 2795 1825 2879 aequabili.
1850 2802 1957 2891 Ergo

121 2933 280 3000 personae
301 2906 504 2994 planetarum
526 2927 564 2972 no
585 2901 784 2990 Cabyrornro
807 2928 827 2970 a
848 2908 995 2992 personis
1017 2904 1236 2972 nodiaoalibus
1256 2907 1373 2972 diuinis
1394 2909 1640 2995 distinguendae
1662 2925 1764 2979 arunt.
1812 2915 1866 2982 Sio
1886 2933 1958 2985 orta

120 3043 198 3097 sunt
218 3025 303 3094 xli.
324 3027 455 3090 numina
478 3025 616 3101 maiora,
647 3027 764 3109 partim
785 3022 981 3106 masculina,
1008 3027 1128 3112 partim
1146 3025 1318 3106 feminina,
1349 3037 1495 3111 propter
1506 3037 1639 3092 naturus
1661 3035 1696 3106 Q
1718 3041 1752 3094 et
1769 3035 1793 3107 b
1813 3009 1958 3104 diuersas

121 3146 265 3224 sexibus
286 3142 432 3208 humanis
454 3141 719 3212 accommodatas.
760 3141 980 3230 Repariuntur
1000 3155 1108 3209 autem
1130 3162 1242 3214 omnes
1266 3142 1350 3228 apud
1375 3155 1489 3229 gentes
1507 3142 1588 3220 ΧΠ.
1611 3141 1669 3208 illa
1689 3149 1839 3231 numina,
1865 3167 1958 3239 quot-

119 3279 207 3355 quot
226 3262 360 3338 historia
382 3261 535 3330 veniunt.
570 3257 722 3324 Ceterum
746 3260 786 3324 nd
809 3259 941 3336 zodiaci
962 3262 1117 3326 rationein
1140 3259 1319 3330 diuiserunt
1340 3273 1498 3334 ιιιιιιιιιιι
1521 3272 1554 3325 at
1573 3263 1811 3346 prouinciarum
1838 3279 1958 3340 truatur

80 3385 83 3390 ’
119 3399 220 3472 atqua
242 3395 399 3466 tempora.

207 3497 358 3567 Nondum
381 3517 420 3560 ιο
445 3507 661 3582 peruenerant
681 3506 814 3580 gentes,
836 3507 872 3559 vt
895 3494 1066 3560 drnnlacra
1088 3517 1296 3580 personarum
1318 3494 1499 3561 diuinarum
1522 3494 1675 3564 colerent.
1717 3499 1848 3566 Diserte
1868 3518 1957 3569 vete·

117 3641 174 3686 res
197 3627 372 3695 testantur,
402 3614 631 3700 antiquissimis
654 3610 851 3697 temporibus
873 3627 1003 3698 gentes,
1027 3612 1223 3697 Aegyptios,
1252 3613 1410 3696 Graecos,
1434 3615 1549 3680 Persas
1571 3613 1713 3704 aliosque
1738 3616 1874 3682 coluisse
1897 3642 1956 3685 nu·

116 3739 214 3802 mina
235 3735 267 3797 iu
289 3730 450 3796 montibus
471 3743 527 3795 ant
552 3727 680 3814 templis
701 3730 771 3792 siue
793 3731 929 3806 statuis,
950 3732 1020 3794 siue
1041 3730 1129 3793 niuis
1145 3728 1310 3813 symbolis.
1353 3729 1468 3816 Neque
1489 3727 1618 3792 dubium
1644 3741 1710 3806 est,
1730 3733 1805 3816 quin
1828 3738 1955 3820 sapien·

117 3871 169 3922 tes
195 3852 251 3918 diu
272 3851 433 3914 seriorem
452 3844 687 3934 philosophiam
705 3846 906 3920 retinuerint.
947 3845 1110 3922 Sciebant,
1127 3869 1197 3912 essa
1212 3847 1319 3912 Deum
1340 3846 1382 3910 Ο.
1396 3845 1455 3924 M,
1479 3843 1620 3906 omniurn
1640 3865 1748 3908 rernm
1764 3865 1954 3936 creatorem,

118 3973 213 4040 Deos
237 3965 390 4054 Deaeque
414 3967 604 4032 constitutas
625 3961 808 4050 significare
829 3967 967 4032 virtutes
988 3974 1021 4029 et
1042 3963 1210 4030 laeultates
1229 3963 1294 4027 Dei
1315 3961 1357 4024 Ο.
1372 3957 1438 4039 hh,
1461 3959 1494 4024 in
1517 3978 1625 4024 rorum
1647 3975 1763 4028 natura
1782 3967 1955 4041 reuelatas.

120 4092 164 4160 At
185 4085 337 4165 subinde,
359 4103 457 4170 qnnm
475 4082 561 4168 quod
582 4075 750 4146 crederent
772 4094 845 4144 anto
868 4080 979 4154 oculos
998 4079 1119 4145 habere
1140 4087 1304 4164 cuperent,
1322 4071 1518 4141 effinxerunt
1540 4089 1663 4144 statuas
1685 4092 1783 4166 atque
1805 4087 1956 4155 animalis

1 4179 2 4190 .
119 4207 376 4276 introduxerunt
395 4201 429 4264 in
452 4197 583 4284 templa,
606 4197 722 4284 quibus
744 4209 877 4268 naturae
897 4195 1094 4282 Cabyrorum
1118 4207 1150 4258 ιι
1167 4192 1311 4258 Deorum
1333 4215 1523 4281 magnorum
1544 4197 1757 4280 proprietates
1779 4222 1954 4288 expressus

1 4287 3 4306 ἰ
122 4337 243 4392 emus.
286 4315 396 4394 Quum
426 4297 568 4381 colerent
591 4312 736 4398 symbola
760 4315 944 4394 numinum,
972 4311 1145 4377 credebaut
1167 4331 1202 4375 se
1222 4308 1329 4376 colere
1354 4315 1485 4377 numina
1506 4313 1594 4396 ipss,
1622 4309 1687 4374 alia
1714 4311 1775 4380 sibi
1802 4322 1953 4407 propitia,

118 4441 193 4524 alia
211 4438 339 4504 tenuta
359 4447 392 4498 ιι
412 4431 584 4505 horrenda.

1 4533 2 4540 ἵ
211 4550 369 4634 Subinde,
407 4572 504 4638 quum
530 4547 678 4619 viderent
707 4545 788 4610 alins
816 4546 903 4612 uiros
932 4565 1049 4633 sasque
1079 4547 1259 4634 singulares
1284 4569 1360 4614 suns
1389 4564 1542 4610 exercere
1570 4546 1603 4608 in
1631 4545 1802 4622 humanam
1825 4569 1954 4640 gentem

117 4678 286 4766 planetus,
307 4667 418 4756 Signa,
442 4667 601 4736 elementa
625 4675 772 4741 naturae,
794 4662 956 4746 animalia,
978 4663 1191 4751 vegetabilins
1223 4669 1324 4732 satius
1346 4658 1512 4748 putabant,
1535 4663 1621 4726 viret
1644 4667 1797 4738 cotmlctts
1819 4691 1882 4736 non
1902 4695 1954 4736 re

0 4769 1 4772 Ἴ
116 4797 212 4864 terra
232 4787 272 4854 ad
295 4799 401 4852 cartas
430 4801 585 4872 personas
607 4781 752 4862 dininas,
788 4780 846 4844 sed
875 4783 1040 4866 speciatim
1063 4780 1169 4846 colere
1198 4794 1231 4846 et
1261 4793 1421 4867 tamquam
1445 4781 1576 4844 nurnine
1597 4780 1774 4866 singularia
1795 4791 1956 4856 venerari,

1 4878 7 4904 ἶ
119 4914 242 4996 ltaque
262 4901 458 4984 statuebant,
480 4900 578 4967 alium
599 4899 694 4962 deum
719 4917 817 4984 agera
839 4899 874 4962 in
897 4897 984 4980 Sole,
1008 4896 1135 4964 nlium’
1125 4917 1159 4962 ιιι
1183 4897 1283 5009 Signo
1309 4906 1361 4984 Ω,
1379 4896 1507 4962 aliurn
1499 4918 1532 4961 sn
1554 4908 1659 4980 tauro,
1683 4898 1811 4974 alium·
1802 4923 1835 4968 ιιι
1860 4903 1956 4972 arbo

5 4995 7 5012 .
114 5029 234 5106 ribus,
254 5020 375 5110 plantis
395 5015 554 5103 rebusque
581 5015 676 5080 lictis.
720 5013 773 5078 Sic
799 5026 932 5078 ventum
959 5025 1008 5079 est
1035 5037 1055 5080 a
1079 4997 1293 5102 polytheismo
1321 5014 1362 5078 nd
1389 5014 1627 5102 pantheismum
1648 5026 1680 5080 et
1701 5037 1814 5102 purum
1842 5036 1955 5108 putum

111 5141 385 5218 Fefflnhimum.
431 5130 682 5200 Gratulabantur
712 5130 916 5218 parentibus,
944 5152 1080 5220 quornm
1101 5127 1186 5195 lilios
1206 5128 1397 5196 Crocodilus
1422 5132 1619 5197 denotasset.
1663 5130 1863 5206 Verberibus
1884 5160 1955 5202 cae.

10 5333 12 5338 .
114 5265 247 5338 debant
274 5253 428 5324 snmahs
455 5271 546 5318 saera
573 5263 606 5314 et
624 5247 795 5316 simulacra
816 5249 980 5330 Deorum,
1020 5270 1115 5338 qaum
1145 5246 1259 5320 cedere
1285 5248 1435 5334 precibus
1463 5247 1595 5328 nollent.
1638 5247 1676 5330 lu
1699 5262 1787 5326 tqnta
1807 5254 1955 5344 'gentium

1476 5348 1539 5449 Υι
