4958 6092
199 691 326 768 denuo
341 710 411 786 per
436 685 600 762 candem
613 687 885 762 astronomiam
906 688 1147 762 confirmatur
1169 687 1371 764 authentia
1386 685 1592 772 Geneseos.
1632 689 1841 766 Odcnsioni
1861 691 1947 782 fuit,
1969 691 2045 768 duo

200 829 273 904 Dei
298 824 342 901 Ο.
366 822 417 896 M.
445 823 601 896 nomina
624 821 822 920 ysurpari,
853 841 969 920 quum
995 842 1114 896 vnum
1141 824 1369 912 suffecisset,
1403 822 1505 898 vnde
1532 823 1622 898 duc·
1643 823 1854 924 archetypa,
1876 827 2044 904 Mosaios

199 971 369 1038 statuere
400 978 478 1031 non
507 953 742 1031 dubitarunt
795 953 849 1029 At
871 978 964 1032 vera
989 953 1116 1054 Moses
1142 956 1328 1032 vocabula
1352 957 1503 1034 Eicbim
1523 971 1636 1056 atqua
1662 955 1829 1050 Jeboua,
1849 975 2043 1062 tamquam

197 1097 271 1171 Dei
293 1093 498 1172 nationaiis
525 1103 564 1164 et
588 1075 826 1188 particularis
849 1111 1002 1180 nomen,
1028 1111 1106 1164 non
1129 1092 1277 1166 inuenit
1284 1115 1295 1183 3
1336 1090 1407 1165 sed
1433 1093 1640 1192 antiquitus
1664 1096 1825 1169 inuenta
1847 1119 1891 1172 ac
1909 1097 2044 1192 vulga-

195 1233 256 1306 ria
278 1231 447 1304 retinnit.
497 1225 651 1302 Etenim
683 1223 837 1298 Eiobim
857 1235 1087 1321 (potentes),
1122 1223 1250 1302 Cabiri
1276 1228 1427 1324 (fortes)
1460 1223 1765 1304 cosmocratores
1797 1232 1930 1330 primis
1955 1241 2044 1329 post

196 1366 394 1441 naucum
416 1361 635 1440 nominum
660 1359 918 1454 agasonum
934 1358 1133 1434 caecata
1156 1371 1303 1461 sepem
1325 1360 1488 1452 carna,
1510 1364 1598 1439 hac
1622 1365 1798 1459 symeon
1819 1345 2042 1442 sanctam

196 1501 485 1596 augustissim'a3
508 1493 684 1570 Jebouab
707 1515 801 1570 vero
825 1497 970 1592 pariter
990 1505 1103 1594 atque
1125 1493 1234 1586 Jeuo,
1259 1492 1330 1570 Jao
1352 1495 1641 1595 Aegyptiorum,
1662 1497 1710 1576 Ja
1731 1501 1948 1576 sitientium
1975 1499 2042 1573 de·

193 1635 346 1708 nomint
368 1645 547 1709 naturam
576 1629 758 1703 Diuinam
771 1627 985 1724 ,genuinam
1017 1653 1063 1705 ac
1089 1629 1341 1705 substantiam
1364 1632 1674 1730 procreatricem,
1708 1635 1796 1710 hinc
1823 1635 2040 1730 symbolum

192 1790 347 1872 annuae
368 1765 653 1866 procreationis.
706 1762 836 1860 itaque
861 1763 988 1839 Moses
1012 1766 1168 1866 antiqua
1179 1764 1256 1839 Dei
1279 1763 1323 1838 0.
1340 1764 1391 1838 Μ.
1413 1765 1571 1839 nomina
1594 1769 1762 1861 retinuit,
1784 1791 1863 1843 non
1885 1768 2038 1868 quidem

192 1899 437 1996 muciogioo,
470 1899 559 1989 sed,
592 1897 913 1997 quemadmodum
946 1899 1032 1994 ipsc
1064 1918 1196 1970 corum
1227 1898 1488 1982 definitionem
1520 1899 1717 1991 exhibuit,
1750 1903 2038 1978 monotheistiuo

192 2047 307 2132 atqua
337 2047 467 2110 sancto
497 2054 622 2109 sensu.
676 2030 848 2119 videsis,
873 2051 987 2130 quam
1013 2030 1124 2104 facile
1153 2032 1236 2104 deri
1265 2034 1408 2130 possit,
1440 2045 1500 2122 vt,
1530 2055 1628 2132 quae
1659 2035 1724 2112 vel
1748 2038 1919 2112 maxirne
1944 2057 2039 2113 vera

194 2182 345 2246 suntet
366 2181 481 2260 carta,
505 2170 588 2243 sine
610 2167 761 2240 ratione
787 2163 928 2240 idonea
949 2166 993 2240 in
1018 2167 1271 2266 suspicionem
1298 2179 1488 2244 vocentur.

243 2314 252 2324 ”
298 2307 340 2378 in
374 2302 648 2382 astronomiam
671 2322 820 2401 quoque
850 2313 889 2376 et
916 2297 1195 2396 Cosmolcgiam
1225 2300 1426 2377 commoda
1454 2300 1672 2379 redundant
1702 2325 1754 2378 ex
1777 2305 2039 2380 asucnomicis

191 2440 467 2538 Acgyptiormn
485 2437 766 2514 monumentis.
817 2435 987 2511 Primum
1010 2459 1079 2534 per
1106 2457 1149 2511 se
1174 2438 1363 2513 memoria
1383 2437 1552 2532 dignum,
1575 2438 1690 2537 qnod,
1709 2460 1824 2537 quum
1856 2443 1930 2536 100
1955 2449 2039 2512 tan-

191 2573 390 2650 turnmodo
423 2587 610 2650 astrorum
639 2571 924 2646 obseruationes
952 2571 1130 2671 antiquae
1163 2571 1287 2648 adbuc
1312 2573 1485 2667 cognitae
1511 2571 1672 2660 suerint,
1695 2593 1880 2646 nouarum
1911 2575 2038 2647 11000

188 2724 233 2784 et
256 2709 358 2808 quod
389 2710 558 2784 excurrit
581 2711 623 2784 in
646 2705 722 2782 iliis
744 2708 995 2804 reperiuntur.
1045 2705 1156 2802 Ipsae
1188 2719 1340 2782 nocuae
1370 2705 1524 2779 tabulae
1556 2701 1732 2794 (ii—IX.)
1754 2707 1966 2800 incognitas
1987 2709 2039 2778 12
2181 2695 2199 2706 “

185 2844 478 2920 obscrumiones
503 2843 775 2919 astronomicas
794 2841 992 2916 exhibent.
1042 2837 1127 2912 Huc
1150 2839 1307 2925 accedit,
1330 2836 1432 2934 quod
1457 2837 1651 2912 rarissime
1670 2836 1785 2910 simui
1810 2838 2035 2916 obseruatus

184 2991 281 3052 sunt
306 2990 454 3076 septem
478 2979 718 3078 planetarum
741 2973 1059 3059 constellationes,
1083 2989 1241 3067 quarum
1262 2969 1390 3066 piures
1414 2990 1526 3067 quam
1551 2975 1657 3047 2000
1672 2969 1870 3069 Aegyptus
1892 2973 1942 3047 ad
1965 2995 2036 3048 uos

184 3113 416 3188 transmisit.
451 3112 770 3187 obseruationum
789 3106 1111 3203 Aegyptiacorum
1131 3101 1335 3176 nonnullae
1349 3107 1466 3194 1500,
1486 3105 1577 3203 quin
1593 3107 1698 3180 2000
1716 3107 1825 3180 annis
1843 3108 2034 3204 antiquio·

178 3267 251 3321 res
277 3256 368 3322 sunt
389 3245 663 3341 antiquissimis
686 3243 868 3316 hactenus
893 3235 1063 3329 cognitis.
1114 3235 1318 3312 Praeterea
1341 3259 1364 3310 a
1388 3237 1735 3314 constellationibus
1760 3242 2032 3340 antiquissimis

178 3393 226 3452 et
259 3377 520 3474 frequentibus
553 3371 808 3468 cognoscitur,
840 3388 932 3444 num
959 3391 1112 3459 omnes,
1151 3391 1248 3468 quaa
1276 3371 1324 3448 ab
1351 3375 1578 3448 asuouomis
1603 3375 1878 3450 recentioribus
1905 3377 2032 3452 obser·

50 3539 69 3556 ·
180 3509 319 3588 vando
349 3521 389 3580 ct
420 3503 674 3604 computando
698 3508 878 3581 inuentae
909 3516 998 3579 sunt
1031 3507 1251 3597 systematis
1276 3509 1397 3579 nocui
1423 3505 1555 3580 solaris
1582 3508 1704 3601 leges,
1739 3512 1896 3584 omnino
1926 3525 2029 3586 racto

180 3667 228 3720 se
257 3643 436 3720 babeant.
490 3641 678 3739 Exempla
704 3642 768 3728 sit,
786 3639 886 3739 quod
915 3641 1015 3714 acrio
1038 3637 1101 3714 vei
1127 3659 1249 3736 nuper
1270 3639 1555 3730 contenderunt,
1574 3653 1714 3716 terram
1739 3659 1910 3718 nostram
1934 3643 2031 3718 adeo

180 3781 374 3856 minuisse
398 3777 698 3852 circumitionem
724 3797 832 3850 suram
860 3777 1000 3850 circum
1025 3789 1081 3862 Θ,
1114 3785 1160 3849 vt
1181 3795 1303 3850 annus
1334 3795 1433 3848 nunc
1459 3775 1605 3850 duabus
1631 3780 1855 3876 septimanis
1881 3779 2030 3854 breuior

180 3917 257 4004 sit,
298 3935 414 4009 quam
446 3922 572 3984 aetate
603 3907 754 3984 Christi.
809 3905 952 3982 Οοιιῐοο
987 3909 1314 3984 obseruationibus
1340 3912 1480 3984 nocuis
1508 3933 1607 3986 anno
1638 3915 1750 4003 1832,
1779 3917 1889 4005 1693,
1918 3917 2030 4005 1631,

187 4053 296 4123 1104
318 4069 351 4122 a
371 4043 437 4122 Cb.
458 4045 643 4120 institutis
657 4043 950 4133 demonstratur,
976 4055 1097 4118 totum
1122 4056 1295 4137 systema
1315 4057 1485 4118 nostrum
1512 4045 1634 4121 solare
1647 4048 1787 4122 mirum
1807 4048 1848 4118 in
1874 4047 2030 4125 modum

182 4183 264 4258 sibi
297 4180 511 4272 constitisse
546 4200 613 4275 per
641 4184 738 4254 ³665
765 4199 895 4256 annos.
949 4177 1202 4254 turbationes
1229 4203 1321 4256 vero
1346 4179 1513 4254 minores
1540 4181 1709 4278 proiecto
1739 4180 1862 4256 iocum
1888 4182 2030 4258 babue-

183 4333 279 4392 runt
312 4318 354 4390 in
386 4324 493 4390 tanto
524 4315 707 4412 temporis
737 4317 862 4414 spatio
888 4313 1093 4388 seeundum
1119 4313 1256 4389 eadem
1282 4315 1511 4392 testimonia
1560 4314 1668 4390 Sici
1694 4335 1794 4391 nunc
1819 4319 1929 4392 sitim
1956 4321 2027 4394 eir-

180 4451 305 4526 cumit
335 4461 475 4532 terram
501 4469 613 4545 quam
640 4471 741 4524 anno
767 4453 867 4524 1832
893 4473 925 4523 a
952 4447 1033 4540 Cb,
1056 4447 1198 4523 sciiicet
1217 4451 1365 4546 integra
1386 4449 1481 4522 bora
1505 4469 1589 4521 cum
1611 4447 1794 4542 dimidio,
1831 4452 1933 4550 quod
1959 4473 2027 4526 an-

183 4587 412 4682 tiquissimis
436 4584 654 4658 sinensium
682 4584 1011 4660 obseruationibus
1037 4585 1286 4660 confirmatur.
1337 4583 1502 4658 Maiores
1532 4580 1629 4657 adeo
1656 4585 1912 4677 turbationes,
1938 4588 2029 4663 licet

185 4720 401 4814 periodicas
424 4719 591 4818 (1ο581),
619 4733 643 4811 q
671 4741 806 4818 passus
823 4719 1091 4804 essevidetur.
1141 4720 1236 4794 itam
1268 4720 1293 4796 9
1324 4730 1364 4789 ct
1392 4718 1434 4805 δ,
1455 4716 1544 4792 licet
1565 4717 1773 4815 paululum,
1787 4723 2025 4794 connexisse

185 4867 392 4930 cernuntur
417 4855 559 4928 orbitas
584 4874 683 4927 suas.
737 4849 876 4930 Conna
907 4865 951 4944 3,
976 4857 1016 4928 in
1043 4877 1116 4953 quo
1144 4875 1274 4928 omncs
1302 4851 1585 4926 obseruationes
1611 4855 1851 4980 cousen'qnt
1871 4857 2024 4942 (18824

181 4989 276 5072 465
303 4994 519 5076 ibid-btv.
550 4991 794 5080 1631443‘),
816 5011 914 5064 nunc
939 4989 1084 5063 tardius
1106 4993 1172 5082 (34
1198 4986 1318 5084 horis)
1345 4986 1483 5061 circum
1506 5001 1542 5073 Θ
1565 5001 1762 5079 mouetur,
1793 4955 1906 5088 stc
1927 4991 2027 5062 nnti-

178 5122 329 5222 quitus.
377 5122 628 5200 Turbationes
652 5122 867 5224 periodicae
897 5135 1034 5217 ueta
1070 5127 1407 5220 (atomorum),
1437 5143 1530 5218 quas
1554 5119 1612 5194 La
1636 5120 1745 5195 Pisce
1772 5121 2026 5224 computando

176 5258 348 5349 inuenit,
373 5258 465 5332 item
484 5257 812 5338 obseruationibus
834 5258 1076 5358 Aegyptiacis
1102 5259 1313 5336 confirmari
1336 5260 1525 5337 videntur.
1577 5251 1754 5332 Ceterum
1776 5257 1870 5332 baec
1894 5251 2028 5330 omnia
