4904 6100
36 5161 61 5274 a

202 1100 204 1105 ,
241 1039 269 1123 i)
319 1053 421 1135 mse,
444 1047 860 1136 necronllagslloetme-
880 1053 920 1119 Ο.
943 1060 1018 1132 27.;
1042 1058 1081 1122 Ε.
1107 1061 1207 1124 lad.
1360 1058 1481 1126 Decan·
1504 1079 1557 1142 ἐς
1583 1065 1809 1158 Oeoodeapota
1833 1091 1878 1142 aa

361 1153 455 1220 lileto
479 1153 616 1236 iun'gnir
638 1149 778 1238 Typhon
870 1197 872 1245 Ι

202 1296 205 1329 r
319 1251 655 1340 Crocodiloceplralar,
677 1256 774 1320 etiam
788 1254 923 1324 ore-tn.
943 1261 1025 1340 t.t.;
1047 1261 1089 1326 A.
1108 1268 1222 1339 12.e.;
1245 1264 1288 1330 al.
1360 1264 1588 1354 Oecodarpota
1608 1287 1653 1336 at
1675 1285 1709 1338 at
1735 1273 1949 1356 &Moerus

361 1358 433 1424 chio
455 1357 574 1421 minaci
870 1360 921 1471 ..4.
938 1359 1012 1426 9.d.
1357 1365 1492 1432 l‘laneta
1512 1371 1547 1434 in
1567 1378 1608 1452 ιη)

318 1461 441 1546 Scupos
459 1457 521 1522 loti
870 1459 919 1526 ιθ.
934 1467 987 1526 26.
1006 1466 1060 1526 27.
1076 1467 1146 1546 28.;
1169 1465 1207 1530 Ε.
1223 1471 1338 1532 tato.
1358 1465 1508 1534 Decanur
1530 1483 1590 1546 ἐς
1612 1471 1792 1561 Trigouod.
1813 1495 1858 1546 att
1882 1493 1915 1546 et
1946 1491 1975 1558 ξ
2012 1552 2014 1557 ⁴

203 1584 204 1591 ¹
317 1561 392 1628 Boa
412 1564 600 1627 constrictor
880 1563 918 1627 F.
936 1569 968 1628 9.
1357 1567 1492 1632 Planeta
1511 1573 1545 1636 iu
1570 1584 1609 1654 ιιι

319 1663 451 1747 Sphinx
880 1663 919 1728 F.
948 1665 978 1728 5.
998 1667 1053 1727 32.
1357 1665 1471 1731 Moero
1492 1679 1532 1751 llp

322 1763 436 1826 cister
454 1757 648 1847 sepulcrales
869 1763 922 1830 ιθ.
949 1769 1025 1828 ι.ιι.
1042 1783 1131 1850 seqq.
1357 1765 1638 1858 Trigonodespota
1661 1782 1692 1839 V
1829 1795 1838 1808 ·

205 1914 206 1937 p
291 1865 409 2000 epm
427 1862 513 1930 labia
531 1863 635 1986 digito
656 1883 806 1950 prauum
879 1865 921 1931 A.
941 1870 1016 1932 7.ιι.
1360 1865 1696 1958 'l'rigonodeapotatl

193 2231 197 2238 ¹
276 2243 358 2310 sunt
379 2257 412 2308 et
432 2243 497 2308 alia
518 2247 650 2310 numina
671 2247 802 2311 minoris
822 2245 979 2309 momenti
1000 2245 1034 2308 in
1055 2241 1166 2308 tabula
1187 2255 1315 2326 nostra,
1341 2243 1380 2309 de
1407 2245 1522 2334 quibus
1543 2251 1661 2374 partim
1681 2275 1779 2341 supra
1801 2255 1938 2342 dictum,
1960 2259 2035 2346 par'·

189 2365 251 2428 tim
282 2361 361 2426 certi
387 2360 509 2447 aliquid
537 2361 716 2448 praedicari
743 2363 869 2450 nequit,
897 2361 1083 2447 priusquam
1112 2357 1206 2446 plora
1233 2365 1302 2426 eius
1336 2366 1465 2450 generis
1495 2367 1613 2451 scripta
1644 2375 1857 2438 astronomica
1885 2377 1972 2440 inter
1999 2399 2034 2442 se

190 2491 379 2566 comparata
403 2478 543 2561 luerint,
574 2493 608 2543 rt
631 2478 670 2543 de
692 2478 811 2566 Topis,
843 2475 945 2544 stellis
973 2473 1191 2564 singularibus
1219 2477 1364 2565 aliisque.
1408 2481 1475 2545 lam
1500 2479 1539 2546 de
1568 2481 1619 2548 his
1648 2484 1849 2612 planetarum
1878 2489 2032 2574 symbolis

190 2595 292 2664 multa
312 2593 544 2661 confirmantur
564 2593 703 2662 zodiaco
722 2599 821 2661 etiam
843 2606 955 2660 nostro
977 2589 1182 2658 Tauriuensi.

275 2713 429 2800 Denique
454 2722 487 2776 et
508 2709 570 2777 hcc
589 2715 703 2798 negari
725 2715 853 2801 nequit,
881 2709 965 2801 quod
986 2722 1115 2774 veteres
1140 2709 1288 2793 tradunt,
1319 2709 1444 2778 duobus
1474 2726 1529 2777 aut
1552 2715 1651 2776 ternis
1680 2713 1817 2799 planetis
1841 2729 1928 2781 certa
1950 2740 2030 2784 non-

191 2829 277 2896 nulla
297 2827 490 2910 simulacra,
523 2827 692 2908 animalia,
721 2825 917 2916 vegetabilia
939 2839 972 2892 et
998 2823 1064 2892 alia
1085 2847 1156 2891 esre
1177 2830 1372 2911 communia,
1401 2829 1434 2892 id
1455 2828 1594 2893 Zodiaco
1616 2825 1814 2914 Tentyritico
1834 2831 2028 2901 confirmari.

189 2947 240 3014 sie
259 2947 405 3012 vidimus
425 2945 725 3032 hieracocephalom
748 2949 932 3034 exprimere
952 2965 1037 3008 nuno
1057 2947 1111 3024 Θ,
1142 2963 1226 3008 nunc
1252 2951 1301 3026 ῼ,
1325 2966 1410 3009 nunc
1431 2947 1471 3026 ξς
1499 2941 1733 3030 Harpocratem
1763 2968 1847 3013 nuno
1873 2950 1923 3036 5,
1946 2974 2029 3017 nunc

186 3069 263 3150 2et
295 3065 343 3145 ξι
362 3061 487 3148 pileum
506 3055 676 3129 conuenire
698 3077 765 3130 tum
782 3073 829 3147 ff,
851 3076 919 3128 tum
941 3081 1169 3146 nonnunquam
1194 3061 1219 3144 ᾖ
1247 3073 1329 3134 et
1309 3068 1347 3124 ὓ.
1391 3061 1436 3126 Αι
1458 3063 1618 3144 nouimus,
1638 3061 1714 3128 licet
1733 3061 1920 3131 difficillima
1941 3070 2030 3134 vide-

185 3195 262 3245 atur
286 3181 372 3244 haec
393 3177 606 3263 ambiguitas,
632 3202 671 3245 aa
693 3179 773 3246 nihil
794 3181 864 3245 lere
883 3179 1030 3264 impediri
1052 3177 1244 3262 scriptorum
1266 3179 1551 3243 astronomicarum
1552 3177 1834 3266 explicationem.
1877 3181 2029 3272 Aegyptii
2164 3181 2167 3188 ’

187 3299 281 3360 enim
305 3296 374 3380 lpai
396 3307 548 3357 curarunt
575 3299 690 3380 partim
718 3296 791 3362 aliis
819 3294 971 3382 symbolis
999 3292 1189 3360 distinetiuis
1212 3269 1385 3376 adiunctis,
1415 3297 1533 3382 partim
1567 3308 1724 3361 contextu
1752 3311 1785 3361 et
1815 3296 1920 3364 electo
1946 3323 2031 3386 sym-

190 3411 345 3477 bolorum
374 3413 673 3495 astronomicorom,
701 3435 743 3479 ne
765 3427 853 3479 carta
874 3412 1033 3500 quaedam
1052 3410 1233 3497 planetaa'
1224 3433 1333 3499 rmago
1354 3433 1414 3498 pro
1444 3409 1526 3476 aliur
1547 3404 1692 3497 symbolo
1715 3413 1798 3476 sumi
1818 3430 1937 3500 posset.
1979 3418 2031 3484 Sic

196 3529 342 3595 vidimus
364 3529 546 3612 accipitrem
569 3527 752 3616 significare
774 3545 843 3595 tum
863 3535 911 3612 Θ,
934 3543 1001 3594 tum
1022 3531 1061 3604 Ως
1085 3551 1163 3615 ergo
1183 3527 1257 3594 Lin.
1285 3527 1326 3593 (i.
1350 3531 1530 3614 accipitrem
1554 3543 1609 3594 ant
1633 3537 1668 3604 Θ
1690 3543 1746 3592 aut
1772 3535 1796 3608 2
1826 3531 2031 3616 interpretari

195 3646 287 3710 licet.
329 3642 376 3708 At
396 3665 495 3730 qoam
514 3649 549 3725 Θ
571 3667 669 3732 sopra
699 3647 785 3712 disco
815 3646 902 3711 alato
931 3647 1154 3730 exprimetur
1184 3643 1306 3710 alarum
1335 3658 1402 3727 est,
1436 3648 1459 3726 ll
1491 3648 1628 3724 omisso,
1661 3644 1842 3726 accipitrem
1867 3643 2029 3722 hocloco,

195 3881 239 3946 At
268 3890 440 3948 motantur
477 3879 589 3961 docet,
629 3901 692 3966 quo
725 3879 880 3947 eiusmodi
910 3899 1068 3964 personae
1098 3879 1286 3944 referendae
1318 3881 1392 3942 sint.
1448 3876 1560 3962 Itaque
1588 3877 1652 3938 iam
1683 3873 1809 3937 facilius
1836 3872 1929 3938 nobis
1957 3877 2029 3956 erit,

198 4017 278 4063 nouo
307 4010 465 4081 apparatu
497 3999 644 4078 munitis,
691 4017 730 4061 ao
755 3999 847 4063 nouis
875 3992 997 4082 piribus
1025 3993 1208 4070 inrnuctis3
1246 3991 1287 4056 ad
1314 3991 1379 4057 alla
1408 3993 1528 4077 scripta
1555 3990 1790 4078 Aegyptiorum
1818 3995 2031 4056 astronomica

203 4133 295 4198 taque
319 4112 698 4198 grauissiruaacoedere.

1058 4392 1095 4509 ι.
1133 4402 1172 4482 a

712 4555 910 4653 Specirmu
935 4553 977 4634 ll.
1016 4557 1158 4658 ordinis
1184 4555 1209 4632 l.
1248 4555 1339 4630 Tab.
1358 4555 1401 4628 V.
1433 4579 1466 4630 a.
1492 4559 1525 4629 b.

282 4703 580 4815 Sarcoptagus
613 4701 749 4816 Regis
780 4703 923 4812 sethi,
955 4709 1087 4819 volgo
1123 4707 1361 4793 Alexandri
1386 4703 1470 4804 M„
1506 4701 1693 4788 Loudini
1709 4673 1711 4678 ι
1725 4703 1773 4787 in
1802 4699 1953 4788 Museo

846 4831 1097 4920 Britannico
1129 4849 1384 4920 assereretur.

932 5027 957 5099 l.
987 5025 1303 5098 introductio.

287 5154 374 5218 Inter
396 5171 604 5221 monumenta
624 5159 821 5243 antiquitatis
841 5159 1061 5245 Aegyptiacae
1082 5158 1368 5245 praestantissima,
1391 5154 1506 5242 quibua
1524 5153 1675 5218 Murcum
1700 5151 1919 5218 Britannicum
1936 5149 2036 5214 abun·

211 5269 277 5350 dar,
306 5271 527 5359 sarcophagus
548 5275 651 5337 dictur
673 5273 758 5338 haud
785 5275 880 5340 dubia
911 5277 1049 5359 primum
1076 5275 1183 5340 locum
1213 5285 1358 5357 occupat.
1406 5273 1552 5434 Eteuirrp¹
1560 5268 1624 5433 ιΙίιιι
1650 5281 1889 5335 monumentum
1918 5265 2036 5326 eminet

1603 5377 1622 5433 2
