4882 6098
437 704 623 774 inllenslii
636 701 707 784 Μ),
729 695 865 760 Comitis
886 693 926 754 de
950 689 1070 772 caelus
1089 693 1159 772 ²⁸),
1186 684 1263 751 01ιί
1282 683 1461 767 Bsdlelii,
1484 682 1672 765 Hersnnsti,
1694 681 1872 765 Bructeri,
1898 682 2079 763 Grenesii,
2100 683 2273 770 herasmi

436 827 633 904 aliorumque
654 810 824 878 multorum
843 809 907 890 ²⁹).
1697 849 1719 888 ,

524 933 618 1012 Quod
647 937 870 1014 argumentum
900 920 1049 1020 Tabulae
1079 921 1204 988 isiacae
1233 924 1360 1004 attinet,
1388 919 1532 984 maxime
1555 913 1700 982 dinamus
1724 918 1758 980 iu
1786 929 1895 1001 partes
1919 913 2078 982 abierunt.
2118 917 2272 1005 Plerique

439 1058 563 1122 ratione
585 1043 827 1134 philosophica,
860 1060 898 1104 ec
927 1037 1086 1124 spirituali
1115 1037 1218 1104 veluti
1240 1035 1447 1106 immateriali
1470 1034 1556 1099 hanc
1576 1034 1814 1120 inscriptionem
1839 1035 2044 1119 interpretari
2068 1035 2272 1116 studuerunt,

438 1193 502 1260 que
528 1173 561 1234 in
594 1183 631 1230 re
657 1162 826 1249 praeuium
859 1153 1040 1220 habueruut
1068 1153 1237 1220 Platonem
1269 1168 1302 1221 et
1328 1153 1566 1239 Pythagoram,
1600 1148 1708 1214 verhis
1739 1149 1868 1236 quidem
1896 1150 2212 1238 magniloquentibus
2240 1166 2273 1216 et

437 1291 519 1354 ideis
540 1269 905 1356 transscendentalibns,
934 1272 994 1338 sed
1023 1293 1135 1356 parum
1164 1275 1320 1336 materiae
1343 1283 1377 1334 et
1404 1268 1552 1333 veritatis
1579 1262 1828 1330 continentibus.
1875 1265 1965 1341 Quos
1984 1281 2072 1334 recte
2094 1269 2274 1352 rigam

437 1397 641 1489 reprehendit
661 1399 752 1481 (pag.
768 1391 825 1474 l.).
868 1389 961 1452 Licet
988 1391 1058 1472 ipse
1087 1391 1173 1450 viam
1196 1390 1302 1450 minus
1331 1384 1485 1448 lubricam
1517 1380 1643 1466 ingredi
1668 1402 1822 1470 suamque
1844 1386 2060 1470 ignorantiam
2086 1384 2183 1450 interi
2205 1407 2272 1450 rua·

438 1523 550 1594 luerit;
583 1517 697 1600 negari
718 1523 825 1572 tamen
853 1507 974 1592 nequit,
996 1506 1101 1588 ipsum
1122 1523 1249 1588 quoque
1269 1521 1399 1566 sensum
1426 1497 1642 1583 inscriptionis
1663 1499 1793 1562 minime
1816 1501 1972 1584 tetigisse.
2014 1499 2111 1564 Putat
2130 1503 2217 1566 enim
2238 1507 2272 1566 in

440 1661 480 1704 ea
508 1631 660 1718 mysteria
686 1623 781 1690 Isidis
807 1621 924 1688 doceri.
969 1617 1139 1699 Continet,
1170 1621 1273 1705 inquit
1299 1639 1376 1704 pag.
1392 1622 1445 1679 14.
1467 1615 1559 1690 Αιιι.,
1590 1631 1690 1676 sama
1716 1612 1798 1678 daec
1820 1613 1944 1679 Mensa
1972 1613 2075 1679 Isidis
2088 1623 2273 1703 pruecs'psne

440 1753 619 1838 Mysterin.
667 1739 848 1826 (incepisse,
880 1741 975 1800 ninsis
995 1733 1189 1800 reconditas
1209 1739 1356 1818 origines
1379 1736 1547 1808 rectatur,
1570 1727 1652 1791 lnce
1674 1729 1857 1814 inprobare
1876 1729 2032 1797 videtur:
2060 1740 2101 1795 nt
2122 1751 2175 1796 res
2198 1739 2273 1816 spen

440 1873 593 1956 tepuisse.
635 1860 719 1928 Ideo
743 1867 851 1920 enitens
873 1855 938 1914 Isis
959 1858 994 1913 in
1009 1852 1169 1934 praealto
1190 1847 1282 1914 Solio
1294 1845 1437 1912 Mensae
1458 1841 1639 1908 ombilicum
1662 1857 1813 1931 occupat.
1858 1845 1922 1922 Qui
1943 1871 2022 1913 vero
2046 1848 2100 1913 hic
2122 1848 2274 1934 symbolis

441 1985 582 2072 mysticis
603 1977 758 2060 mysteria
778 1967 888 2049 Isidis,
917 1967 980 2031 hoe
1006 1979 1055 2032 est
1083 1964 1259 2050 physicalis
1287 1967 1310 2032 l
1345 1977 1377 2027 et
1398 1961 1666 2043 monotheismus,
1691 1963 1774 2026 tradi
1796 1968 1936 2050 possint,
1958 1965 2055 2052 plane
2080 1988 2146 2030 non
2169 1966 2273 2032 video.

413 2143 417 2150 ι
443 2103 598 2168 Ceterum
621 2091 728 2178 figura
746 2083 930 2173 principalis
957 2086 991 2147 in
1013 2083 1119 2146 medio
1148 2085 1271 2168 posite,
1301 2101 1364 2146 non
1391 2092 1440 2145 est
1467 2085 1515 2163 J,
1547 2093 1584 2145 vt
1606 2101 1676 2144 cum
1697 2081 1982 2167 Pignorioomnes
2004 2082 2154 2147 adhunc
2176 2106 2275 2171 reque

444 2220 529 2283 diem
548 2217 740 2296 interpretes
760 2214 932 2290 putarunt,
954 2199 1011 2262 sed
1033 2203 1056 2276 ῼ
1078 2202 1241 2286 proxime.
1284 2199 1449 2286 Exprimit
1471 2199 1568 2279 enim,
1592 2212 1627 2263 vt
1647 2196 1732 2261 inira
1752 2195 1942 2282 videbimus,
1963 2197 2200 2288 Horoscopum,
2223 2200 2276 2266 do·

443 2353 532 2400 mum
563 2337 587 2408 ῼ
620 2329 654 2389 in
675 2318 821 2408 Trigono
848 2317 888 2389 ll.
930 2318 1104 2382 Praeterea
1129 2315 1300 2402 Pignorius
1329 2317 1418 2400 (pag.
1434 2315 1483 2398 2.)
1509 2313 1613 2379 libere
1639 2311 1827 2399 profitetur,
1855 2318 2092 2401 inscriptionem
2121 2317 2207 2383 hanc
2233 2320 2276 2381 ita

446 2469 518 2513 esse
532 2454 761 2528 comparatam,
779 2454 826 2516 vt,
848 2455 945 2521 quum
959 2455 1018 2519 per
1035 2433 1065 2496 L
1085 2431 1271 2517 etamplius
1288 2453 1388 2497 aunos
1408 2429 1489 2496 haec
1510 2434 1630 2518 speria
1651 2429 1713 2495 sihi
1728 2431 1885 2518 explicari
1899 2433 2019 2500 frustra
2038 2437 2276 2524 peroptauerint

444 2560 641 2650 philologiae
663 2569 835 2632 amatores,
861 2572 896 2614 se
919 2547 1001 2614 nihil
1022 2550 1187 2636 explicare
1209 2571 1302 2634 posse
1324 2549 1408 2614 hanc
1432 2547 1586 2614 tabulam.
1631 2547 1746 2636 Itaque
1768 2552 1941 2635 acquiescit
1961 2539 2065 2634 iu'eo,
2087 2551 2171 2640 qnod
2194 2549 2275 2638 figu-

445 2699 552 2744 rarum
578 2669 803 2739 nonnullarum
822 2665 1022 2753 significatus
1041 2671 1136 2745 eruit,
1159 2689 1222 2754 qua
1243 2669 1277 2731 in
1297 2689 1334 2731 re
1356 2689 1421 2732 non
1446 2671 1552 2731 miuus
1574 2665 1675 2730 lelsns
1695 2680 1755 2730 est.

529 2792 603 2859 Non
625 2791 729 2876 magis
746 2783 947 2870 intelligitur,
969 2787 1023 2870 qui
1039 2781 1207 2847 Melcln'os
1229 2781 1451 2849 Gailnndinrss
1471 2807 1510 2849 eo
1525 2781 1639 2848 adduci
1661 2785 1809 2867 potuerit,
1833 2797 1869 2847 vt
1884 2797 2020 2869 putaret,
2043 2783 2153 2850 tabule
2168 2801 2279 2850 nostra

445 2920 506 2977 eia
528 2907 632 2986 aliud,
656 2925 751 2992 φιιιιιι
765 2903 999 2986 Aegyptiorum
1014 2903 1105 2986 leges
1121 2899 1238 2984 pandi.
1282 2899 1381 2966 Forte
1397 2901 1472 2966 huic
1487 2903 1521 2966 in
1538 2913 1678 3000 mentem
1698 2903 1798 2975 venit,
1822 2899 1949 2966 Mosam
1962 2901 2051 2990 leges
2071 2900 2279 2987 descripsisse

447 3026 565 3094 tabulis
586 3036 681 3108 atque
703 3023 866 3086 innostra
888 3016 1009 3099 tabule,
1039 3017 1159 3104 (media
1180 3040 1255 3082 area
1276 3019 1309 3081 iu
1332 3017 1412 3084 duas
1435 3033 1544 3104 partes
1568 3017 1685 3100 diuise)
1713 3017 1846 3084 totidem
1875 3019 1944 3085 lere
1973 3035 2081 3107 partes
2108 3021 2278 3102 contineri,

448 3158 525 3232 quot
547 3141 656 3208 Moses
673 3139 764 3224 leges
783 3138 971 3221 conscripsit
991 3139 1024 3199 iu
1047 3133 1164 3200 tabulis
1185 3137 1296 3199 saeris.
1836 3125 1838 3129 ’

533 3259 586 3324 De
602 3259 734 3342 mystica
756 3268 788 3318 et
807 3252 964 3340 singulari
985 3253 1110 3316 ratione
1131 3250 1302 3332 Kircders',
1324 3255 1442 3337 scripta
1463 3247 1706 3338 hieroglyphice
1727 3253 1976 3336 interpretandi,
1998 3273 2094 3338 quum
2116 3256 2195 3318 satis
2214 3257 2279 3318 iam

449 3379 618 3465 perstricta
638 3375 746 3454 fuerit,
766 3393 830 3436 nou
850 3391 931 3455 opus
952 3383 1001 3433 est
1021 3365 1167 3453 pluribus
1187 3367 1356 3432 disserere.

533 3491 631 3555 Haud
653 3487 777 3554 felicius
806 3500 1027 3572 argumentum
1053 3483 1187 3550 Mensae
1209 3483 1332 3548 Isiacae
1356 3500 1522 3550 assecutus
1542 3499 1591 3549 est
1613 3479 1773 3547 Herscnst
1790 3482 1832 3547 de
1854 3481 2083 3570 fledenburg,
2105 3491 2160 3573 qui
2181 3489 2283 3553 tradi-

449 3611 505 3690 dit,
527 3628 598 3671 cem
621 3608 805 3690 exprimere
826 3605 963 3668 virtutes
984 3603 1118 3686 pyxidis
1138 3605 1284 3666 nauticae
1306 3585 1490 3688 (capestres
1513 3604 1562 3666 les
1580 3599 1764 3685 propridtbs
1785 3599 1825 3662 de
1849 3601 1884 3663 lc
1908 3597 2099 3686 desssnllc).

534 3723 649 3808 Longe
670 3721 867 3807 singularem
882 3721 1074 3782 seutentiam
1094 3718 1135 3780 de
1157 3715 1268 3782 tabula
1285 3712 1391 3784 lsiaea
1405 3721 1571 3804 proposuit
1585 3713 1794 3782 tollemini
1814 3715 1837 3780 l.
1853 3715 1888 3799 l,
1911 3721 1965 3805 qui
1985 3723 2123 3804 putauit,
2147 3743 2188 3784 ea
2207 3743 2281 3784 ceu·

451 3841 545 3904 tineri
568 3836 794 3902 Celenderium
817 3837 972 3900 festorum
994 3834 1265 3919 Aegyptiacorum
1283 3835 1475 3920 applicatum
1497 3835 1537 3899 ad
1562 3857 1663 3900 anuos
1684 3829 1857 3898 Romanos.
1905 3834 1982 3900 Cass
1996 3835 2159 3913 fortuite,
2179 3840 2281 3922 inquit

453 3957 482 4032 1.
499 3961 549 4036 3.,
580 3956 728 4040 penpinas
749 3971 847 4030 casn,
880 3971 941 4034 pen
967 3955 1101 4013 eaenire
1121 3969 1220 4033 saepe
1241 3949 1344 4028 solet,
1376 3955 1588 4032 contigisset,
1609 3959 1646 4014 ct
1661 3956 1769 4035 presso
1792 3956 1828 4012 in
1850 3955 1967 4034 onies,
1989 3951 2108 4017 deinde
2129 3959 2222 4018 etsie!
2242 3959 2284 4016 iss

451 4067 743 4152 altesshsfigsrne
767 4063 989 4130 absconditam
1012 4086 1140 4130 senessi
1154 4073 1367 4150 penetrasses
1393 4073 1428 4126 et
1437 4075 1636 4150 penetrasse
1657 4085 1706 4129 nse
1728 4067 1822 4140 clare
1841 4067 2078 4153 intelliges-ess,
2098 4089 2185 4154 spese
2205 4090 2289 4134 cess-

451 4194 528 4272 cepi
542 4185 632 4265 fieri
650 4204 767 4270 posse,
798 4191 835 4245 ct
856 4179 902 4245 nd
923 4180 1170 4264 intellegendam
1194 4187 1293 4246 etinns
1319 4183 1447 4266 sels'qnu
1469 4181 1647 4269 aliquande
1660 4189 1882 4269 persenis-ess.
1925 4181 2040 4270 Nepae
2060 4205 2131 4270 spes
2151 4189 2186 4246 is
2205 4195 2291 4248 css·-

452 4323 579 4368 oersssns
600 4323 650 4366 nse
663 4301 817 4380 fefellit.
859 4293 1011 4362 Eeieter
1031 4304 1139 4361 enters
1160 4296 1278 4363 tndslc
1299 4303 1552 4363 nostrnseriess
1575 4321 1617 4364 ac
1641 4300 1784 4365 ordinent
1805 4297 1978 4367 Ferierssss
1997 4309 2032 4368 is
2045 4299 2200 4382 Aegypto
2219 4321 2292 4384 per

451 4428 555 4483 totnss
579 4437 698 4482 anasse
721 4419 876 4502 religiose
897 4409 1145 4494 catenatum,
1168 4420 1219 4478 ite
1240 4424 1278 4479 ot
1298 4435 1402 4480 cansa
1422 4422 1521 4482 etiuns
1536 4416 1692 4493 festinae
1713 4419 1931 4484 inienuitatis
1944 4415 2134 4499 pleae-pec
2159 4416 2291 4499 synh-

521 4709 566 4777 2'i)
584 4708 769 4764 Miscellauea
796 4711 976 4764 Beroliueus.
1003 4712 1086 4764 Tem.
1099 4709 1156 4798 Vl.⁸
1167 4725 1195 4777 p.
1210 4709 1367 4764 lte-lli.
1384 4706 1466 4765 Tem.
1485 4711 1548 4768 vll.
1565 4729 1592 4784 p.
1606 4713 1667 4767 313.
1686 4713 1830 4783 Opusculs
1854 4665 1897 4764 ed.
1920 4715 1942 4765 l.
1961 4713 2058 4768 (1.Το
2073 4715 2174 4770 Weter
2190 4715 2291 4786 nugo.

454 4797 518 4850 Bet.
541 4793 619 4848 1801.
653 4793 798 4846 Nonnulla
814 4798 931 4863 repetiit
950 4797 981 4848 in
1000 4793 1129 4849 Pantheo
1150 4809 1213 4848 suo.

520 4897 568 4960 18)
585 4893 704 4950 Recuell
723 4893 918 4965 d'hntiqultis.
937 4893 1120 4964 supplement
1141 4896 1223 4948 Tum.
1236 4896 1299 4952 vll.
1320 4895 1480 4952 Per.1ttt.
1502 4897 1725 4968 pagii-119·
1760 4898 1878 4952 Accedit
1898 4895 2010 4950 tabula.

524 4995 571 5059 2⁹)
587 4996 632 5049 01.
652 4993 783 5049 11ιιι11ι1ι.
801 4995 954 5050 Atlantidis
972 4996 1093 5050 rann.
1107 5011 1132 5050 c.
1147 4997 1174 5047 2.
1192 4997 1338 5049 Herwart.
1350 4997 1523 5051 Aduriranda
1535 4997 1622 5052 Ethn.
1641 4997 1744 5059 Theul.
1762 5005 1885 5067 myster.
1900 4997 2032 5052 Monech.
2046 4995 2128 5060 rita
2144 4992 2287 5053 Bmeker.

457 5080 535 5132 illst.
550 5078 624 5131 Phil.
645 5079 750 5134 Linll.
769 5081 834 5133 c.¹l=
853 5081 981 5136 Gronau.
999 5079 1087 5135 Thes.
1105 5095 1132 5149 p.
1148 5080 1233 5144 uem
1248 5081 1380 5152 Lessing.
1402 5083 1521 5138 Collect.
1537 5083 1637 5139 Berel
1658 5085 1736 5138 1190.
1755 5088 1799 5140 11.
1817 5087 1839 5137 1.
1854 5086 1923 5148 ⁴223
1942 5080 2098 5138 Marshnnr.
2116 5081 2184 5136 cnr.
2200 5081 2287 5148 16983

457 5167 549 5216 court
567 5163 601 5216 de
617 5163 755 5298 Gebeling
772 5165 844 5219 coll.
862 5167 982 5237 chege
1000 5165 1068 5220 d’un
1088 5164 1236 5229 Frsneols.
1257 5166 1415 5221 Per.1tte.
1433 5169 1499 5222 Vol.
1513 5168 1534 5220 l·
1552 5184 1577 5238 p.
1590 5169 1651 5224 let.
1669 5169 1766 5226 Millin
1781 5169 1868 5224 Reice
1887 5168 1978 5222 durch
1995 5167 2127 5237 Seroyen
2146 5168 2203 5222 und
2216 5167 2289 5222 rre-

453 5257 543 5306 ment.
565 5249 610 5304 el.
631 5249 712 5318 lling.
755 5251 802 5300 .l.
821 5266 848 5319 p.
864 5249 924 5304 sio.
