4896 6096
19 827 37 955 ΙΙ

33 4736 62 4867 ⁸,

60 3228 62 3275 1

60 3320 65 3403 p

975 575 1343 656 -ltt-

239 771 363 834 vinciae
376 765 517 852 Aegypti
532 765 678 828 maxime
700 761 928 841 meridionalis,
948 766 1120 852 respondet
1141 769 1233 854 signo
1252 783 1306 844 tau,
1335 764 1536 850 lpdamini03
1560 765 1643 829 vnde
1663 779 1696 830 et
1712 765 1865 833 Ombitae
1882 769 2073 838 crocodilum

245 887 269 970 l>
301 882 479 950 caluerunt.
524 879 638 967 ltaque
662 876 855 945 Tithrambo
886 880 975 945 valet
1000 883 1025 966 i)
1054 884 1187 968 eiusque
1212 885 1322 969 signa;
1352 880 1513 968 significat
1534 903 1612 946 vero
1636 885 1734 948 etiam
1761 891 1787 954 ἶ)
1812 887 1846 948 in
1873 887 1897 968 i)
1926 886 2073 952 dominiis

232 1013 427 1070 versantem.
472 995 602 1093 ¹Scilicet
620 995 740 1060 diserte
762 1011 1028 1062 commemoratur
1042 997 1104 1062 Isis
1126 1001 1209 1064 irata
1231 1013 1263 1062 et
1284 978 1475 1084 perniciosa,
1498 999 1582 1084 quod
1603 997 1690 1064 valet
1712 1000 1752 1062 de
1772 1005 1800 1071 )
1823 1015 1911 1066 corta
1935 1004 2073 1089 quadam

227 1120 268 1185 ad
291 1133 414 1184 terram
442 1113 600 1178 relatione
623 1115 776 1198 cogitata.
819 1113 873 1180 Sic
892 1113 1189 1180 Pseudo-Hermes
1207 1118 1242 1180 iu
1265 1113 1395 1199 dialogo
1415 1113 1566 1200 Asclepio
1592 1118 1636 1200 (p.
1650 1121 1702 1181 99.
1716 1115 1880 1200 Elmen.)‚
1909 1119 2001 1204 luis,
2022 1123 2072 1185 in·

228 1239 320 1323 quit,
344 1249 440 1318 quan
461 1231 566 1294 nulia
589 1227 676 1294 bona
693 1237 877 1315 proestare
893 1235 1071 1316 propitiurs
1093 1237 1226 1316 quantis
1247 1229 1359 1295 obesse
1381 1235 1499 1294 scimus
1518 1237 1651 1296 iratast.
1696 1232 1779 1297 Item
1802 1230 1965 1296 quenalis
1986 1231 2070 1320 (Sat.

229 1351 327 1418 xlll.
343 1353 412 1432 91.)
435 1350 541 1414 canit:
566 1343 742 1410 Decernui
766 1345 975 1434 quodcunque
993 1346 1084 1410 colei
1104 1345 1146 1409 de
1167 1366 1305 1431 corpore
1322 1356 1435 1412 nostro
1454 1346 1522 1412 Isis
1541 1349 1603 1430 (n)
1625 1357 1660 1412 ct
1683 1354 1776 1412 irata
1787 1347 1906 1426 feriat
1923 1369 1996 1412 meu
2020 1351 2068 1416 lu·

228 1477 315 1535 sina
337 1472 451 1532 sistro.
496 1460 571 1538 Qua
586 1481 666 1528 vero
683 1459 817 1526 Zodiaci
837 1465 869 1526 in
891 1476 983 1548 parto
1003 1470 1030 1538 1)
1050 1465 1092 1526 sit
1112 1465 1302 1548 peruiciosa,
1321 1465 1413 1530 docet
1428 1463 1619 1530 Eustathius
1640 1462 1719 1546 (Od.
1735 1463 1831 1530 XIV.
1848 1465 1948 1547 457.),
1971 1487 2069 1552 quum

229 1589 314 1668 dicit,
338 1591 367 1657 Ἃ
392 1601 467 1660 cnm
486 1587 523 1657 G)
542 1581 577 1642 in
590 1577 746 1643 Perihelio
762 1579 830 1663 (ἦ)
850 1581 1048 1644 coniunctam
1069 1578 1285 1645 turbulentam
1302 1579 1377 1646 dici.
1414 1577 1469 1644 ‘H
1477 1604 1536 1666 γαρ
1557 1604 1685 1662 sosuurq
1705 1585 1817 1664 σεληνη
1839 1582 1893 1645 δια
1908 1605 1966 1666 την
1989 1607 2067 1666 προς

230 1699 319 1785 q‘lscr
349 1697 487 1764 aurodtm
512 1720 562 1759 sos
589 1717 643 1758 ros
669 1693 952 1778 denuntiaretis
975 1720 1052 1782 προς
1081 1721 1116 1760 so
1139 1697 1426 1781 repugadtarspos.
1462 1690 1513 1760 ὅτε
1542 1720 1593 1760 και
1615 1696 1775 1778 usladsrrq
1798 1720 1913 1779 κυριως
1936 1695 2066 1780 ἐστινὴ

229 1814 389 1900 Ἄρτεμις,
411 1808 427 1874 b
450 1811 532 1874 iera
553 1805 572 1891 ἢ
595 1813 718 1894 σεληνη.
760 1810 865 1876 Porro
888 1812 1044 1899 astrologi
1065 1815 1091 1886 Ii
1112 1815 1146 1876 in
1174 1817 1204 1892 36
1236 1823 1269 1875 et
1289 1829 1333 1878 aa
1357 1812 1547 1874 constitutae
1569 1812 1713 1874 maxima
1735 1830 1881 1896 quaeque
1897 1811 1988 1896 ¹mula
2010 1814 2067 1877 ad-

234 1925 392 1993 scribunt.
433 1926 588 1990 Firminus
610 1923 667 2006 (V.
683 1947 712 1990 c.
731 1931 762 1990 8.
775 1949 807 2012 p.
825 1928 928 2012 141.):
954 1928 1051 2012 Nati,
1075 1948 1167 2015 psuss
1189 1947 1215 2016 p
1236 1931 1271 1990 iss
1297 1932 1328 2007 z
1355 1933 1528 2005 ansatur,
1551 1921 1713 2008 aliquibus
1735 1923 1901 1990 laboribus
1926 1947 1967 1990 ac
1984 1947 2063 2015 per·
2160 1950 2163 1960 ·

236 2039 471 2106 turbots'ous'bsss
492 2032 643 2126 inpediti
660 2047 695 2106 in
716 2049 879 2110 nouenae
900 2045 1050 2110 s'neideat
1071 2047 1256 2128 augustiae.
1289 2040 1334 2105 Iu
1350 2059 1395 2106 az
1410 2047 1443 2106 si
1465 2043 1491 2106 I)
1509 2039 1628 2118 suerit
1645 2040 1952 2124 tonsuratorum
1969 2053 2069 2111 erunt

237 2163 324 2240 cogi,
341 2157 497 2242 profugi,
520 2167 675 2222 extorres
695 2169 731 2223 et
749 2166 808 2246 qui
818 2161 994 2246 fugitiuos
1013 2171 1051 2228 ot
1067 2162 1240 2246 plusianus
1260 2163 1487 2245 insequantur.
1526 2157 1631 2239 Adde,
1657 2159 1742 2245 qnod
1759 2159 1833 2235 Isis,
1855 2157 1985 2225 Osiride
2005 2161 2066 2226 lsi-

237 2274 284 2336 dis
304 2276 416 2339 marito
439 2297 459 2339 a
480 2272 640 2361 'l'yphcne
662 2274 722 2341 sub
744 2277 917 2344 solstitium
939 2279 1109 2344 hibernum
1130 2278 1299 2347 interfecto
1322 2276 1370 2360 (z
1386 2275 1459 2360 00),
1475 2273 1600 2338 furiosa
1621 2297 1694 2340 cum
1709 2276 1803 2341 Horo
1825 2271 1995 2362 Typhonis
2016 2278 2066 2344 la·

236 2393 321 2455 cinus
342 2389 409 2456 vlta
431 2393 530 2458 luisse
552 2393 678 2458 dicitur.
722 2393 837 2481 Itaque
858 2393 1051 2462 Tithrambo
1074 2398 1171 2461 etiam
1197 2410 1223 2474 p
1251 2414 1369 2459 nouam
1392 2393 1426 2456 iu
1453 2398 1483 2473 ἦ
1513 2391 1579 2474 vel,
1601 2415 1698 2480 qunrn
1720 2391 1799 2456 illud
1820 2388 1915 2482 iano,
1940 2395 1964 2480 τ)
1990 2417 2066 2480 cog-

235 2529 349 2574 nomen
371 2511 405 2573 in
425 2529 470 2575 aa
492 2514 672 2599 imperante
694 2533 831 2598 urgeas,
859 2514 1002 2578 maxime
1026 2515 1060 2576 in
1081 2531 1126 2578 ux
1149 2514 1356 2577 constitutam
1377 2508 1548 2596 significat.
1591 2507 1686 2586 Quod
1707 2507 1878 2574 simulacra
1898 2507 2064 2576 'l'ithram-

234 2625 321 2690 bonis
345 2629 475 2709 attinet,
500 2630 529 2692 ei
552 2605 761 2711 adscribitur,
783 2642 820 2693 rt
840 2629 1000 2710 vidimus,
1020 2631 1171 2704 sistrum,
1201 2650 1265 2716 quo
1284 2626 1406 2692 lumina
1424 2625 1589 2690 hominnm
1617 2624 1790 2690 obcaecare
1811 2637 1843 2686 et
1867 2621 2060 2708 Typhonem

232 2743 356 2831 abigere
370 2745 496 2810 dicitnr.
530 2743 684 2810 Ceterum
700 2744 854 2810 triformis
872 2744 1052 2832 appellatur
1068 2741 1273 2822 hauddubie,
1291 2765 1311 2807 a
1326 2742 1429 2807 tribus
1445 2741 1567 2815 formis,
1586 2761 1665 2825 ques
1687 2740 1712 2803 l>
1730 2749 1883 2816 assumat,
1899 2740 1945 2800 sic
1959 2738 2055 2820 dicta,

233 2865 368 2927 nimirum
394 2885 414 2926 a
434 2861 617 2940 uouilunio,
638 2859 816 2947 plenilunio
838 2873 872 2925 et
892 2859 1072 2927 semilunio.
1116 2859 1207 2927 Addo
1230 2857 1385 2944 Capellae
1409 2854 1509 2922 verba
1524 2853 1640 2940 (Nupt.
1654 2851 1740 2918 Phil.
1754 2850 1798 2916 ll.
1813 2873 1845 2937 p.
1859 2853 1939 2932 tt.)
1988 2851 2061 2917 Tri·

229 2979 350 3060 suasis,
373 2983 493 3065 inquit,
515 2978 724 3062 discolorque
744 2982 874 3061 vertigo
894 2975 1040 3042 terribili
1059 2975 1199 3062 quadum
1219 2978 1393 3037 antestare
1413 2967 1585 3039 rutilabat.
1618 2967 1710 3044 Quae
1732 2968 1812 3034 licet
1830 2973 2007 3052 cornigera
2027 2981 2063 3035 st

234 3115 346 3180 opera
367 3093 539 3158 uideretur
560 3092 798 3178 egestionibus·
820 3102 1004 3179 opportune
1025 3101 1135 3156 tarsen
1151 3089 1302 3168 etfelens
1323 3097 1359 3153 et
1378 3107 1507 3152 ceruus·
1529 3091 1627 3150 atinus
1647 3088 1880 3149 consertiones
1895 3079 1944 3147 bis
1966 3081 2060 3149 binas

234 3207 371 3273 cultibus
385 3206 620 3291 praeferebat.

320 3322 445 3406 Tupbt',
469 3327 575 3406 Τυφι,
603 3327 804 3414 διμίίὶοαε
824 3329 1023 3394 femininum.
1066 3327 1238 3412 lleperitur
1258 3328 1321 3392 hoc
1339 3344 1456 3390 nomon
1474 3324 1506 3386 in
1528 3303 1799 3407 papyro'Graeoa
1820 3319 1973 3407 Lugduni
1996 3319 2059 3388 Ba·
2099 3351 2103 3362 ·
2170 3353 2177 3364 ·

236 3458 382 3506 tenorum
403 3440 437 3501 in
457 3435 571 3502 Museo
591 3439 786 3529 Aegyptiace
808 3443 1068 3529 splendidissimo
1090 3459 1273 3525 asseruata,
1296 3462 1392 3528 quam
1412 3437 1583 3519 lleuveus,
1605 3435 1649 3502 V.
1665 3435 1723 3518 C.,
1747 3439 1780 3501 in
1801 3433 1902 3502 libro:
1927 3438 2059 3503 Lettrcs

232 3555 320 3623 am.
344 3553 953 3647 LatronneLugdB.1830.p.ibti.
981 3560 1086 3626 obiter
1108 3561 1284 3646 descripsit.
1327 3553 1436 3632 Quum
1462 3552 1584 3618 scilicet
1611 3549 1668 3616 illo
1695 3554 1729 3616 in
1751 3551 1822 3615 loco
1846 3565 1969 3636 septem
1998 3573 2058 3616 nu·

227 3676 318 3741 mina
339 3673 491 3752 maxima,
513 3675 630 3760 quippe
651 3659 822 3761 planetae,
840 3690 1084 3757 enumerentur3
1105 3675 1227 3741 clarum
1248 3687 1308 3752 est,
1325 3669 1435 3758 Typhi
1455 3665 1638 3755 significare
1659 3679 1716 3730 aut
1733 3665 1778 3748 p,
1800 3675 1856 3726 aut
1873 3663 1917 3740 ὅ.
1947 3661 2057 3749 'l'yphi

223 3791 313 3856 enirn
336 3807 398 3850 non
420 3786 525 3853 differt
548 3788 763 3876 a'l'yphone,
785 3790 956 3879 Typhoeo,
976 3787 1142 3890 †.0qrflss
1165 3792 1378 3872 aduersario,
1399 3807 1493 3874 quem
1518 3804 1615 3869 snpra
1636 3781 1778 3846 diximus
1799 3800 1883 3844 nunc
1903 3781 1949 3861 li,
1972 3800 2056 3844 nunc

214 3911 246 3986 3
268 3901 466 3992 significare.
509 3903 619 3982 Quum
641 3908 665 3974 l.
682 3908 706 3974 l.
730 3909 861 3975 ultimus
881 3910 973 3976 Deus
994 3913 1107 3994 Συχος,
1129 3913 1197 3978 Le.
1220 3927 1345 4004 ςογχι
1366 3902 1561 3976 crocodilus,
1583 3900 1638 3985 qui
1661 3895 1687 3965 l)
1714 3917 1805 3963 sacar
1828 3908 1916 3974 erat,
1937 3896 2055 3962 diserte

210 4029 362 4098 dicatum
377 4025 526 4110 sequitur
541 4021 651 4112 'l'yplri
670 4035 708 4106 d*
727 4025 923 4112 significare.
967 4025 1062 4104 Quod
1083 4029 1227 4093 ordinem
1242 4024 1443 4112 planetarum
1464 4020 1579 4082 attinet
1599 4014 1646 4081 ibi
1666 4017 1871 4082 constitutum
1896 4019 1944 4100 (Θ
1964 4019 1994 4081 d'
2025 4003 2056 4086 2⁸

214 4151 249 4221 it
274 4143 299 4211 2
335 4141 360 4220 ἕ
388 4136 452 4223 lr);
483 4153 593 4207 auctor
613 4155 742 4208 secutus
765 4163 836 4210 esse
858 4147 985 4212 videtur
1007 4145 1195 4234 dignitatem
1218 4141 1375 4217 Deorum,
1399 4136 1440 4201 ad
1462 4157 1557 4223 quarn
1578 4135 1674 4200 etiam
1696 4132 1850 4199 Manetho
1870 4131 2053 4198 Vulcanum

208 4261 275 4346 (ὦ)
298 4269 334 4320 et
354 4253 497 4322 Martem
514 4257 578 4344 (dl)
603 4259 638 4324 in
661 4261 792 4326 deornm
816 4273 849 4328 et
873 4265 995 4348 primo,
1022 4275 1055 4326 et
1078 4260 1217 4327 secundo
1239 4257 1350 4324 ordine
1370 4253 1502 4340 reliquis
1523 4249 1685 4338 praetulit.
1728 4243 1822 4322 Quot
1844 4269 1922 4313 vero
1943 4246 2052 4336 Typhi

212 4376 466 4460 cognominatur
490 4373 685 4460 Aphrodite,
713 4378 916 4452 vidimus&
938 4377 1128 4442 femininum
1157 4377 1254 4441 etiam
1275 4373 1439 4439 Venerem
1460 4372 1539 4449 dici,
1569 4366 1670 4432 veluti
1693 4361 1872 4429 Bellonam.
1916 4364 2053 4431 Vtinam

213 4492 296 4553 viro
318 4487 493 4558 clarissimo
515 4502 549 4553 et
570 4470 848 4576 praenobilissimo
868 4491 1062 4571 lleuvensio,
1083 4495 1124 4558 de
1147 4491 1363 4557 monumentis
1383 4487 1602 4576 Aegyptiacae
1621 4481 1821 4566 antiquitatis
1844 4475 2052 4568 grauissimis,

216 4600 343 4691 quibus
360 4602 508 4671 Muscam
529 4605 749 4693 Lugdunense
776 4608 1067 4695 splendidissimum
1094 4609 1252 4686 abundat,
1282 4605 1540 4693 quamprimum
1567 4594 1663 4661 edere
1691 4597 1836 4683 placeat,
1867 4621 1949 4685 11111111
1971 4601 2052 4667 haee

216 4731 332 4784 nostra
359 4719 463 4786 studia
492 4722 648 4790 adiuuare
674 4737 770 4813 atque
792 4725 976 4812 disciplinas
999 4727 1169 4795 historiens
1198 4739 1388 4804 amnemque
1415 4713 1614 4800 antiquitatis
1643 4717 1860 4802 cognitionem
1887 4715 2048 4784 illustrare

218 4855 318 4919 posse
334 4837 516 4908 rideantur.
