4896 6096
1186 510 1524 592 mee-
2123 569 2232 614 ,,

431 711 534 793 coeli,
565 708 728 794 ἀπιμιμος
750 707 906 791 uiperae,
937 703 1082 768 camelas
1105 700 1215 779 Coeli,
1241 723 1304 788 qna
1331 701 1563 790 significatur,
1578 698 1768 788 partitiones
1791 694 1933 783 Aegypti
1959 697 2001 764 ad
2025 694 2266 764 similitutbnesa

430 827 561 899 dodaci
586 828 690 893 iactas
725 837 821 910 atque
842 841 938 907 pares
965 821 1108 906 partium
1139 817 1304 901 dominos,
1334 841 1393 886 seu
1414 823 1567 902 namins,
1597 819 1774 886 constituta
1802 816 1982 898 inisse⁷⁶).
2026 813 2177 902 Denique
2203 813 2268 882 bas

429 947 509 1014 lacit
531 943 744 1029 Porphyrius:
779 938 952 1025 Aegyptii,
984 939 1107 1025 inquit,
1129 960 1187 1021 seyr
1209 937 1259 1004 tm
1279 963 1382 1008 uarro
1403 942 1536 1022 denua
1557 961 1615 1004 soe
1639 942 1720 1002 &soe
1743 937 1795 1000 δια
1816 957 1882 1000 aaa
1906 955 2072 1014 aeseauerr
2093 934 2197 1013 ζωον,
2226 931 2267 1018 ἦν

432 1061 560 1136 ἕκαστος
581 1082 645 1124 των
666 1062 752 1148 dgna
773 1080 926 1140 παρεσχεν
932 1103 944 1136 ,
970 1056 1262 1140 separaturum).
1305 1054 1378 1132 Quo
1405 1055 1477 1122 loce
1498 1054 1586 1120 band
1608 1052 1745 1120 absenre
1771 1051 1927 1131 traditur,
1958 1049 2111 1116 animalia
2127 1071 2185 1136 per
2201 1052 2268 1118 sin·

429 1177 522 1268 gnlos
544 1194 657 1242 nomes
676 1172 762 1239 culta
784 1195 897 1240 eorum
918 1174 1051 1240 deornm
1072 1171 1218 1256 symbola
1238 1173 1366 1258 luisse,
1379 1197 1463 1262 qnae
1482 1176 1517 1239 ia
1530 1170 1667 1260 singulis
1684 1168 1816 1236 zohne
1834 1165 1997 1250 liecur'n‘s,
2019 1169 2124 1234 nemis
2137 1165 2270 1254 Aegyp-

432 1297 523 1362 tiacis
542 1290 829 1381 respondentibus,
852 1290 973 1360 demini
994 1290 1211 1356 crederentur.

516 1411 588 1480 lam
609 1409 733 1476 clarum
754 1421 823 1491 est,
846 1407 1042 1493 symhohcen
1064 1405 1300 1494 Aegyptiarum
1323 1410 1590 1486 ammonicam,
1612 1428 1635 1471 a
1654 1426 1723 1494 qun
1743 1404 1848 1470 omnis
1868 1400 1938 1466 lere
1958 1402 2152 1485 scriptorum
2173 1401 2270 1468 huius

435 1531 543 1620 gentis
570 1530 856 1595 astronomicarum
876 1528 1100 1610 interpretatio
1122 1525 1261 1611 pendet,
1291 1529 1362 1591 erui
1381 1529 1461 1593 satis
1484 1549 1550 1593 neu
1577 1543 1672 1612 passe
1704 1519 1825 1606 absque
1854 1519 2005 1605 antiquae
2029 1517 2168 1604 Aegypti
2187 1542 2270 1606 gea-

437 1647 595 1736 graphiae
615 1644 751 1711 auxilie.
804 1641 944 1708 Veteres
966 1643 1072 1724 enirn,
1102 1663 1295 1729 quamquam
1316 1646 1414 1710 etiam
1434 1643 1518 1709 bane
1539 1641 1740 1729 disciplinam
1762 1636 1975 1712 illustrarunt,
2005 1657 2069 1702 nen
2095 1635 2269 1720 sufficiant,

436 1785 535 1853 qnam
555 1765 662 1849 agitur
686 1761 726 1826 de
753 1758 906 1861 omnibus·
923 1780 961 1822 ac
986 1758 1122 1844 singulis
1143 1759 1287 1826 Deorum
1311 1758 1519 1848 Dearnmque
1546 1758 1819 1846 Aegyptiacorum
1844 1751 2047 1837 nominibus,
2078 1753 2271 1838 simulacris,

438 1877 650 1960 animalibus,
689 1875 859 1942 arboribus
885 1875 1074 1962 plantisque,
1094 1877 1195 1944 sacris
1222 1876 1262 1942 ad
1289 1890 1414 1962 septem
1444 1876 1593 1963 planetas
1621 1889 1718 1962 atque
1744 1873 1875 1941 zebaot
1901 1883 2059 1958 patrones
2085 1871 2273 1937 merendis.

438 1997 591 2066 Ceteram
618 2016 661 2059 ne
686 1996 846 2080 posterior
870 1991 999 2079 quidem
1020 1997 1161 2082 Aegypti
1189 1993 1390 2082 geographia
1412 1998 1491 2062 satis
1519 2009 1597 2082 apta
1622 2015 1695 2060 esse
1718 1990 1846 2058 videtur
1866 1989 1907 2054 nd
1936 1988 2166 2056 enaclundam
2189 2007 2274 2074 syrn-

438 2113 563 2182 belicen
592 2115 847 2178 astronomicam.
888 2109 1025 2177 Constat
1055 2114 1160 2196 enim,
1193 2113 1356 2180 Romanor
1384 2115 1587 2201 potissimum
1614 2113 1779 2199 antiquam
1806 2129 1976 2174 nemoruns
1996 2107 2271 2195 Aegyptiacorum
2397 2163 2401 2170 .

439 2232 597 2297 rationem
618 2242 771 2294 mutasse.
815 2227 920 2305 Quam
942 2227 984 2294 ob
1007 2249 1138 2300 causum
1159 2231 1353 2298 inuenienda
1374 2245 1424 2298 est
1445 2229 1646 2319 geographia
1663 2228 1807 2316 Aegypti
1824 2229 1906 2294 satis
1928 2229 2070 2314 antiqua,
2093 2246 2177 2312 qnae
2190 2228 2272 2292 anti·
2343 2274 2346 2280 -
2438 2243 2439 2248 ’

440 2369 536 2436 qaam
553 2367 591 2412 ac
611 2349 784 2434 genuinam
805 2349 1054 2431 prouinciarum,
1078 2367 1247 2414 nemorum
1266 2363 1299 2414 et
1318 2347 1518 2435 singularum
1538 2346 1666 2414 arbium
1684 2348 1844 2412 rationem
1863 2357 1897 2410 et
1917 2343 2089 2410 interualla
2107 2342 2275 2408 exhibeat.

438 2465 546 2532 Huius
569 2476 677 2529 nutem
697 2466 827 2550 generis
848 2467 1102 2553 antiquissimum
1125 2465 1265 2554 Aegypti
1285 2467 1532 2552 descriptionem
1553 2461 2050 2550 astronomiae-geographiam
2071 2463 2183 2526 inueni
2204 2461 2275 2526 An·

440 2593 556 2668 gastae
578 2579 804 2647 Taurinorum.
846 2579 955 2658 Quum
978 2583 1057 2650 mibi
1078 2587 1162 2650 enim
1195 2583 1306 2650 liceret
1326 2605 1386 2669 per
1407 2583 1543 2670 lieginsn
1563 2586 1699 2669 gratiam
1729 2597 1827 2669 atque
1848 2600 2006 2645 summam
2030 2582 2276 2664 magistratuum

442 2695 692 2767 Taariaeasium
713 2695 940 2767 liberalitatem
962 2722 1046 2766 nnnc
1070 2706 1153 2768 1825
1178 2704 1210 2766 iu
1233 2700 1442 2766 celeberrime
1472 2699 1529 2765 illo
1551 2700 1665 2766 illusae
1686 2699 1791 2786 Regio
1813 2697 2013 2783 Aegyptiace
2033 2717 2093 2782 per
2114 2697 2276 2782 integrum

441 2813 512 2884 lere
535 2837 654 2884 aunum
678 2816 785 2882 stadia
813 2837 887 2882 mea
908 2817 1088 2904 Aegptiaca
1109 2824 1264 2886 acerrime
1286 2821 1437 2906 prosequi
1458 2831 1509 2900 et,
1542 2817 1694 2905 quidquid
1715 2817 1844 2895 aderat,
1882 2815 2121 2880 accuratissime
2151 2816 2277 2878 exarsi·

442 2953 521 3000 nare
544 2954 714 3017 meumque
735 2935 768 2996 in
781 2946 874 2998 nsum
897 2934 1093 3012 describere;
1115 2939 1214 3004 incidi
1235 2940 1269 3004 in
1288 2948 1531 3004 monumentum
1552 2937 1825 3022 antiquissimum,
1848 2931 1961 2996 altaris
1978 2931 2106 2996 retundi
2126 2935 2276 3018 speciem,

446 3069 519 3114 eum
546 3050 755 3135 inscriptione
782 3047 1025 3136 hieroglyphice
1052 3051 1259 3139 longissima,
1300 3055 1482 3141 argumenti
1510 3049 1982 3139 astronomica-geographici,
2015 3070 2060 3114 ex
2088 3061 2211 3130 aetate,
2242 3063 2279 3115 rt

445 3187 563 3234 nemen
586 3165 780 3251 adscriptum
802 3165 912 3247 docet,
934 3169 1020 3252 regis
1042 3167 1144 3232 Setbi.
1195 3167 1298 3235 Caius
1317 3174 1517 3236 monumenti
1539 3173 1676 3257 granitei
1705 3169 1784 3234 haee
1806 3181 1856 3232 eet
1876 3169 1971 3232 ratio.
2013 3165 2123 3232 Altera
2144 3181 2194 3231 est
2214 3171 2276 3233 cir-

445 3284 527 3348 uitar
547 3293 613 3346 tres
635 3282 751 3368 pedes,
784 3278 914 3348 tabulae
934 3284 1092 3350 rotundae
1113 3287 1254 3370 speeiem
1274 3309 1353 3371 prae
1374 3308 1410 3352 se
1431 3289 1548 3353 ferens.
1596 3289 1720 3355 Nititur
1750 3287 1841 3352 hicce
1863 3286 1969 3350 discus
1989 3305 2054 3350 vno
2074 3283 2156 3370 pede
2178 3285 2278 3370 cylia-

447 3395 575 3464 dracee.
618 3394 719 3462 Cuius
741 3396 869 3464 tabulae
891 3399 1047 3466 diameter
1067 3401 1137 3466 lere
1160 3401 1304 3487 aeqadis
1328 3414 1380 3467 est
1401 3401 1525 3468 duabus
1545 3403 1642 3488 ulnis,
1664 3403 1920 3469 circumferentia
1939 3422 2002 3468 sex
2025 3403 2122 3486 ulnis,
2145 3401 2279 3470 altitudo

448 3516 541 3602 quasi
560 3515 616 3580 vni
633 3515 719 3597 padi.
750 3516 903 3602 Superior
926 3539 1001 3604 pars
1021 3517 1115 3584 huius
1132 3519 1213 3584 disci
1232 3518 1285 3584 vel
1307 3516 1437 3584 tabulae
1451 3517 1607 3604 plurimos
1628 3520 1735 3586 sulcos
1759 3519 1869 3602 hnbet,
1891 3522 1958 3607 qui,
1979 3533 2016 3584 vt
2037 3519 2118 3586 salci
2136 3519 2279 3608 lapidum

446 3628 627 3712 melariam,
649 3630 832 3719 apartibus
854 3633 1070 3703 exterioribus
1088 3637 1229 3723 undique
1249 3621 1289 3702 ad
1311 3638 1450 3703 mediam
1472 3651 1616 3721 currant,
1640 3659 1723 3726 quae
1743 3637 1871 3724 quidem
1894 3637 1999 3702 media
2013 3654 2090 3724 pars
2103 3649 2137 3702 et
2150 3635 2280 3704 tabulae

447 3761 481 3819 st
504 3747 607 3834 pedis,
630 3771 688 3814 seu
708 3748 865 3833 subsellii,
890 3773 971 3817 caua
992 3766 1053 3820 est.
1096 3755 1151 3820 Ex
1173 3773 1238 3841 qus
1255 3754 1437 3842 colligitur,
1465 3755 1549 3820 hane
1577 3751 1720 3839 lapidem
1741 3758 1844 3820 serias
1873 3751 1914 3818 ah
1941 3752 2105 3820 Arabibus
2132 3756 2166 3818 in
2188 3753 2280 3820 molis

446 3863 625 3932 adhibitum
645 3867 757 3933 luisse.
799 3867 967 3955 Inscriptio
986 3868 1083 3936 huius
1100 3870 1219 3958 lapidis
1240 3870 1402 3944 durissimi
1422 3868 1683 3957 hieroglyphice,
1710 3875 1801 3960 quasi
1821 3891 1920 3936 vnum
1945 3868 2061 3956 pedem
2085 3865 2170 3953 alta,
2197 3890 2278 3957 qaue

423 4067 428 4076 ,
449 3983 591 4050 cernitar
611 3985 646 4049 in
665 3996 758 4070 parte
779 3983 859 4050 disci
880 3986 1045 4070 verticuli,
1068 3985 1152 4056 bene
1174 4001 1382 4070 conseruata,
1406 4003 1543 4075 quatuor
1562 3985 1709 4074 partibus
1729 4003 1826 4077 atque
1847 3993 1888 4054 68
1909 3987 2056 4054 versibus
2075 3986 2279 4054 verticalibns

448 4115 588 4168 coastat.
637 4100 676 4166 la
696 4100 749 4166 bis
768 4100 916 4168 versibus
937 4103 1033 4171 lacile
1063 4107 1285 4174 discernuntur
1313 4105 1463 4194 deinceps
1486 4112 1527 4170 12
1548 4105 1675 4194 figurae
1694 4106 1973 4194 hieroglyphicae,
2004 4106 2120 4171 domas
2141 4109 2279 4194 speeiem

451 4239 531 4304 prae
554 4238 590 4283 se
609 4219 766 4298 ferentes,
790 4217 906 4305 quibus
926 4221 1055 4307 quidem
1075 4224 1240 4308 quadratis
1260 4221 1375 4310 figaris
1396 4222 1462 4290 alin
1483 4227 1577 4312 signa
1597 4223 1855 4310 hieroglyphice,
1885 4225 2005 4310 quippe
2025 4225 2156 4290 nomina
2178 4223 2279 4288 domi·

452 4333 599 4402 cilitmmn
626 4335 774 4418 illoram,
805 4335 859 4404 vel
886 4335 1029 4420 rrbium,
1065 4341 1220 4427 inscripta
1247 4355 1332 4408 auat.
1387 4343 1560 4409 Praeterea
1589 4356 1665 4428 past
1690 4342 1819 4408 vrbiarn
1840 4343 1971 4406 nomina
2000 4341 2180 4427 significata
2201 4355 2278 4406 aaut

452 4455 601 4534 nurnine,
624 4474 706 4539 quae
728 4459 770 4519 72
791 4453 856 4519 illis
876 4456 911 4519 in
931 4453 1011 4520 locis
1030 4455 1172 4542 Aegypti
1194 4457 1281 4523 culta
1302 4459 1432 4526 luerint.
1480 4459 1549 4525 lam
1570 4458 1654 4524 hane
1675 4481 1746 4524 ease
1770 4461 2016 4524 astronomicam
2038 4457 2178 4543 Aegypti
2200 4481 2279 4545 gee-

452 4567 629 4653 graphium,
645 4569 785 4656 plurima
796 4585 869 4636 snat
888 4571 1016 4638 indicia.
1044 4574 1187 4641 Primum
1201 4579 1286 4641 enim
1305 4576 1421 4644 altaria
1434 4576 1664 4665 Aegyptiorum
1680 4573 1744 4640 alia
1760 4599 1824 4642 neu
1845 4579 1993 4658 retanda,
2011 4578 2068 4643 sed
2091 4575 2279 4664 plerumque

452 4684 607 4771 quadrata
625 4697 700 4748 suat
720 4686 842 4768 larrua,
872 4702 968 4776 atque
988 4695 1173 4779 prouinciae
1193 4700 1234 4758 12
1255 4695 1475 4781 Aegyptiacae
1496 4697 1528 4757 in
1552 4691 1704 4758 circulum
1721 4697 1858 4780 scriptae
1875 4693 1970 4781 plane
1992 4695 2186 4766 conueniunt
2209 4714 2280 4757 eum

451 4806 493 4867 ¹2
513 4802 615 4885 signis
636 4801 746 4864 circuli
768 4803 915 4890 ecliptioi.
958 4797 1106 4883 Quatber
1129 4809 1223 4874 huius
1243 4812 1460 4899 inscriptionis
1480 4825 1588 4898 partes
1611 4813 1808 4898 respondent
1827 4826 1964 4900 quatuor
1986 4811 2119 4878 zodiaci
2142 4809 2279 4898 angulis,

449 4912 570 4978 seilicet
591 4919 717 5001 punctis
740 4921 1026 5006 beqeinactiulihns
1048 4942 1145 5014 atque
1169 4926 1402 4996 solstitialibus.
1453 4929 1604 5017 Denique
1624 4935 1666 4998 72
1687 4930 1765 4997 illae
1784 4932 2001 5016 inscriptionis
2021 4930 2199 4996 diuhianes
2215 4931 2280 5015 sig-

515 5200 562 5268 id)
580 5203 756 5260 Heliodorus
772 5203 857 5262 Aetb.
875 5207 966 5266 1..1x.
982 5211 1217 5282 altisimi.
1234 5216 1280 5270 ed.
1299 5215 1408 5272 linari.

515 5287 562 5354 ii)
581 5287 724 5360 Porphyr.
744 5290 780 5344 de
799 5291 909 5348 libatio.
925 5294 1043 5350 Liblv.
1061 5298 1121 5366 §.A
