4830 6102
871 533 1240 618 -357-

137 724 328 817 quibuseut
351 721 390 787 ad
421 721 558 788 eliorum
581 720 771 807 populorum
794 727 1022 812 antiqnitates,
1057 743 1111 792 unt
1139 729 1179 791 ad
1208 729 1355 816 proprias
1382 727 1574 792 ludaeorum
1596 727 1843 794 eonsuetudines
1864 731 1965 815 respi-

135 852 219 922 oitur,
242 865 282 908 eo
299 841 422 906 sestius
444 851 475 904 et
497 839 672 925 persentias
691 839 1015 940 intelligentemque
1036 845 1291 930 magisaliurum
1314 849 1480 929 nationum
1504 869 1576 912 cunr
1598 845 1755 912 Israelitis
1780 848 1964 912 coniuncta·

134 983 198 1028 mm
220 955 667 1048 endquitates-diluoidnntur.
705 951 855 1046 Inprimis
877 943 941 1025 huo
962 973 1086 1046 spectat
1106 954 1275 1049 gentilium
1296 933 1422 1049 religio,
1448 985 1530 1028 nuno
1551 966 1747 1029 astronomia
1765 963 1965 1050 Aegyptiace
2082 933 2087 946 ι

132 1080 295 1146 illustrata.
343 1075 471 1140 Clarius
491 1095 575 1138 anne
592 1086 746 1162 apparet,
764 1076 840 1161 quid
860 1055 902 1142 sit
923 1077 975 1154 id,
994 1078 1080 1164 quod
1099 1072 1258 1162 narratur,
1273 1078 1438 1145 lsraelitas
1452 1081 1586 1146 situlum
1611 1088 1647 1160 Θ
1662 1082 1825 1162 adorasse,
1842 1091 1964 1144 astrum

135 1197 223 1262 Kium
246 1193 303 1262 vel
322 1190 469 1277 Remphn
489 1197 516 1274 ‘5
538 1190 686 1273 coluisse,
701 1190 942 1258 tabernaculum
961 1193 1103 1261 Moloohi
1119 1201 1156 1272 d
1176 1209 1334 1283 portasse,
1357 1211 1490 1264 mortem
1512 1197 1691 1264 'l'hammus
1705 1203 1743 1280 Θ
1766 1195 1962 1284 deplorasse,

134 1317 257 1399 eiusque
277 1312 412 1398 generis
435 1308 499 1374 alia
520 1309 700 1396 permulte3
731 1309 817 1392 hino,
839 1312 917 1397 xqnid
942 1310 1003 1376 sibi
1023 1310 1125 1378 relint
1145 1311 1320 1401 praesepta
1341 1316 1380 1380 de
1402 1316 1564 1404 fugiendis
1586 1316 1740 1397 deastris,
1761 1313 1879 1396 idolis,
1895 1315 1964 1379 ani-

135 1429 282 1510 melihus,
317 1424 572 1513 vegetebllibus,
606 1429 646 1492 de
669 1449 733 1492 suo
757 1427 827 1494 solo
853 1428 944 1511 Deo,
976 1433 1097 1518 qnippe
1124 1432 1255 1497 domino
1283 1447 1460 1516 astrorum,
1490 1433 1656 1516 zebaoth,
1688 1433 1835 1499 colendo.
1877 1431 1965 1500 Hine

134 1561 236 1634 patet,
260 1567 318 1612 our
339 1543 496 1608 lsrnslitis
517 1559 604 1609 certa
626 1543 778 1612 animalia
801 1546 971 1611 interdieta
992 1539 1130 1632 luerint,
1155 1563 1192 1613 st
1212 1571 1283 1632 sus,
1306 1549 1414 1637 lepus,
1439 1553 1555 1638 quippe
1578 1572 1624 1616 ex
1648 1553 1809 1618 communi
1828 1549 1964 1636 populo·

133 1687 201 1730 rurn
223 1655 490 1729 senteutia‘rualo
508 1665 644 1750 geuiob
665 1666 835 1750 adscripta.
878 1663 932 1728 Sic
953 1665 1050 1728 etiam
1072 1669 1229 1730 somnium
1251 1663 1382 1752 losephi
1406 1668 1444 1730 ad
1462 1671 1690 1735 astronomiam
1705 1681 1850 1756 spectare
1872 1665 1964 1730 uide-

134 1797 197 1847 tur.
241 1780 514 1857 Quemadmodum
546 1783 630 1844 euim
661 1779 762 1847 Jeoob
791 1793 824 1844 et
851 1779 955 1846 Bahal
985 1787 1024 1844 ta
1046 1779 1188 1848 filiorum
1214 1797 1384 1868 parentes,
1424 1788 1471 1848 ita
1500 1800 1532 1850 et
1555 1789 1591 1864 Θ
1614 1802 1646 1852 11
1676 1794 1704 1864 b
1733 1793 1772 1852 12
1792 1785 1963 1869 Siguornm

135 1915 283 1964 auctores
301 1895 452 1964 valebunt
470 1899 511 1982 ⁸).
556 1897 609 1962 sto
631 1895 742 1962 Jaeobi
770 1896 950 1962 benedictio
974 1898 1179 1984 (Genea),
1209 1921 1292 1986 quae
1314 1921 1397 1963 orux
1418 1903 1629 1988 interpretum
1651 1905 1730 1982 luit,
1760 1923 1845 1970 nuno
1867 1896 1964 1966 laoile

136 2015 328 2100 explicatur.
370 2014 523 2080 Continet
550 2007 634 2079 enim
661 2017 847 2079 vatioinium
872 2015 912 2081 de
942 2015 1050 2080 lutura
1073 2015 1273 2103 singularum
1303 2015 1441 2082 tribuum
1469 2017 1719 2084 Israelitioarum
1741 2018 1962 2105 dispositione.
2078 2019 2081 2028 ⁴

135 2129 408 2207 Quemadmodum
434 2132 622 2221 Aegyptus,
638 2131 783 2216 ¹Graecia
806 2131 952 2218 aliaeque
975 2145 1099 2214 terrae,
1123 2136 1169 2197 ita
1190 2146 1222 2197 et
1241 2132 1425 2199 Palaestina
1447 2138 1624 2222 antiquitus
1644 2135 1775 2202 Zodiaoi
1797 2136 1839 2199 ad
1862 2139 1965 2202 instet·

134 2253 168 2315 in
191 2250 270 2318 ΧΠ.
289 2253 473 2339 prouincias
495 2250 601 2314 diuisa
622 2262 703 2314 erat.
746 2247 843 2332 ilino,
865 2246 968 2335 pulsis
988 2249 1173 2337 gentilibus,
1197 2248 1344 2336 singulae
1367 2251 1488 2335 tribus,
1511 2253 1684 2318 seeundum
1706 2273 1813 2317 mores
1836 2264 1868 2315 et
1889 2272 1964 2335 pro·

133 2371 287 2454 prietates
307 2368 450 2456 oepituni
472 2387 603 2432 morum
624 2363 770 2453 singulae
791 2367 974 2451 prouincias
1002 2391 1021 2436 a
1044 2370 1118 2436 Deo
1145 2367 1410 2434 sibidestiuatas
1431 2355 1638 2456 ooenparnut.
1681 2366 1965 2454 De'ehrouologia

132 2501 224 2549 saara
246 2505 345 2572 supra
368 2489 516 2552 vidimus.
543 2475 699 2549 'Maximi
722 2505 799 2549 sene
820 2487 975 2550 momenti
997 2501 1057 2570 est,
1082 2487 1234 2552 Exodnm
1248 2485 1468 2551 israelitarum
1491 2493 1556 2551 400
1578 2491 1670 2552 anuis
1685 2490 1775 2574 prius
1796 2485 1961 2564 eooidisse,

133 2625 223 2688 quem
247 2603 345 2690 vulgo
367 2615 533 2690 putarunt.
576 2599 689 2688 Neque
713 2598 773 2665 hoo
796 2599 869 2667 loeo
890 2605 1179 2689 praetereundum,
1207 2601 1450 2688 'chronologiam
1471 2601 1706 2690 Aegyptiaoam
1727 2628 1747 2669 a
1767 2605 1964 2672 Manethone

131 2723 327 2806 propositam
348 2743 412 2786 uon
434 2739 617 2806 repugnare
633 2717 760 2798 Sacrae,
776 2719 831 2783 sed
854 2723 1014 2786 assentiri.
1058 2719 1152 2796 Quos
1171 2741 1257 2786 nouo
1274 2717 1426 2805 exemplo
1445 2717 1679 2785 illustrandum.
1723 2718 1872 2788 Tradunt
1894 2735 1962 2786 tum

129 2835 314 2904 Chronioon
337 2841 513 2925 antiquum,
538 2850 605 2901 turn
630 2834 795 2914 Manetho,
818 2839 931 2922 primis
956 2837 1036 2903 XV.
1059 2837 1215 2924 dynastiis
1241 2857 1397 2924 personas
1421 2838 1547 2910 diuinas
1568 2859 1732 2926 regnasse.
1774 2840 1874 2905 Porro
1895 2837 1962 2902 Eu·

127 2957 239 3022 sebius
263 2979 308 3021 ex
330 2953 529 3052 Manethoue
549 2956 689 3040 quinque
711 2949 857 3028 Deorfl
879 2955 1041 3040 dynastiae
1061 2956 1198 3041 profert,
1221 2957 1278 3042 qut
1298 2968 1373 3019 ante
1394 2952 1523 3021 Menam
1543 2961 1762 3044 regnauerint,
1779 2953 1962 3022 nebulosas.

125 3075 220 3162 Ergo
247 3072 421 3138 seeundum
444 3071 567 3135 reseres
595 3073 704 3156 ipsos,
735 3093 834 3157 quum
865 3073 928 3140 xl.
952 3075 1078 3160 primae
1107 3063 1499 3157 dynastiae'Manethunis
1530 3073 1568 3137 ad
1592 3071 1673 3138 XV.
1694 3071 1768 3138 illes
1797 3072 1964 3138 fabulosae

124 3193 333 3278 pertineant,
366 3209 442 3269 effera
463 3187 598 3252 historia
623 3187 818 3274 Aegyptiam
839 3191 970 3275 incipiat
999 3211 1129 3256 neeesse
1153 3203 1202 3255 est
1222 3211 1294 3254 oum
1315 3190 1462 3274 dynastia
1483 3189 1581 3271 xli,
1612 3192 1703 3255 cuius
1725 3204 1824 3278 eaput
1845 3189 1963 3256 Seson-

1 3349 9 3373 .
122 3309 254 3390 abusis,
277 3308 388 3371 tertius
408 3327 471 3370 rex
492 3303 660 3370 Sesostris.
705 3303 747 3368 Et
779 3305 861 3371 huno
886 3304 929 3370 ob
954 3329 1083 3372 oausam
1110 3305 1321 3374 hauddubie
1344 3305 1500 3372 Manetho
1527 3328 1619 3372 nouo·
1634 3311 1668 3373 in
1690 3308 1785 3391 libre,
1808 3307 1963 3372 historiae

120 3445 206 3491 suae
230 3423 386 3504 seeundo,
418 3423 486 3509 agit
508 3421 547 3486 de
576 3423 731 3507 dynastiis
752 3422 834 3503 Xll,
856 3422 954 3490 xtll.
978 3439 1011 3489 et
1031 3423 1249 3512 sequentibus.
1293 3422 1468 3508 Dynestias
1488 3427 1614 3511 priores
1634 3447 1673 3492 ae
1694 3425 1859 3493 fabulosas
1879 3421 1962 3489 libro

120 3547 232 3631 primo
257 3525 409 3607 absoluit.
453 3538 536 3604 Cum
557 3561 597 3604 eo
619 3541 1176 3629 1111111111111111111,(1111111111
1199 3563 1244 3606 ex
1266 3541 1475 3624 Manethoue,
1499 3565 1520 3607 a
1541 3543 1662 3608 diluuio
1684 3565 1785 3630 usquo
1808 3539 1848 3606 ad
1871 3539 1962 3602 Exo-

120 3663 203 3726 dum
223 3661 386 3724 numerari
410 3661 493 3724 1461
518 3678 629 3724 annos.
673 3655 780 3732 Quum
803 3658 888 3724 idem
908 3679 987 3723 vero
1010 3671 1121 3723 aneton
1141 3680 1162 3723 a
1182 3657 1299 3742 Mene,
1328 3681 1423 3745 quem
1444 3661 1582 3744 primum
1605 3670 1678 3742 post
1700 3657 1854 3721 diluuium
1876 3654 1963 3728 iecit,

121 3797 231 3864 usque
254 3776 294 3840 ad
306 3776 457 3840 Exodnm
473 3789 620 3840 numeret
635 3779 720 3840 3986
737 3795 853 3850 aunem
882 3771 1004 3840 11111111
1025 3789 1085 3859 111,
1102 3776 1288 3843 Africanum
1311 3774 1364 3846 sel
1378 3773 1608 3842 Manethonem
1622 3768 1777 3856 implioite
1791 3770 1959 3851 indicasse,

120 3915 242 3961 omnes
267 3913 359 3979 reges
375 3906 450 3980 post
471 3889 601 3956 Manem
622 3913 723 3977 seque
742 3891 783 3956 ad
804 3891 982 3977 dynastiam
1005 3893 1085 3960 Xll.
1110 3907 1166 3958 aut
1189 3915 1250 3957 nou
1273 3911 1444 3975 regnasse,
1468 3903 1524 3954 aut
1549 3911 1621 3953 oum
1642 3887 1773 3976 regibus
1796 3890 1962 3974 dynastiae

119 4011 202 4080 ΧΠ.
226 4007 337 4092 simul,
359 4011 477 4096 quippe
496 4031 645 4088 ooaeuos,
665 4025 721 4075 ant
743 4023 889 4096 speetare
909 4011 950 4074 ad
974 4024 1100 4096 tempus
1122 4011 1319 4074 screatione
1339 4004 1449 4069 mnndi
1468 4005 1508 4068 ad
1535 4005 1701 4072 diluuium.
1744 4005 1840 4083 Quot
1866 4003 1962 4092 plane

120 4129 299 4195 confirmat
314 4125 556 4194 Eratosthenes.
594 4127 657 4193 1111
673 4130 757 4192 enirn
771 4127 846 4190 inde
862 4146 882 4189 a
896 4129 1001 4212 primo
1015 4149 1092 4214 rege
1106 4148 1207 4212 usque
1224 4124 1265 4188 ad
1280 4122 1414 4188 Amasin
1432 4125 1501 4188 siue
1516 4123 1626 4190 Exodi
1642 4124 1798 4212 epocham
1811 4129 1854 4191 30
1868 4145 1962 4210 reges

117 4245 304 4312 Thebanos
325 4248 500 4330 11111900
518 4265 618 4310 anuos
632 4257 790 4309 numerat.
823 4241 919 4324 Hine,
939 4245 968 4306 ei
990 4243 1149 4310 adduntur
1165 4242 1340 4326 dynastiae·
1353 4227 1510 4328 reliquae,
1532 4242 1628 4307 huius
1641 4242 1769 4307 Periodi
1785 4255 1860 4308 suut
1878 4245 1961 4306 1600

122 4366 204 4427 anui
224 4364 361 4428 airoiter.
405 4358 1043 4448 Menethuipseindesdyuastiullll.
1066 4358 1520 4446 usqueadExodnmannus
1543 4358 1756 4426 1111111111.
1797 4359 1964 4445 Scriptura

118 4501 222 4548 saera
250 4475 326 4543 vero
350 4497 370 4540 a
398 4476 494 4542 Noeh
521 4477 683 4564 nequead
706 4475 858 4550 Exudnm
883 4479 967 4543 1574
991 4499 1092 4544 anuos
1113 4492 1271 4543 numerat.
1314 4477 1361 4542 Hi
1382 4489 1491 4542 autem
1517 4479 1660 4542 numeri:
1691 4480 1791 4559 1574,
1816 4481 1898 4542 1528
1925 4491 1962 4541 11

115 4595 287 4666 Manotbo
305 4594 394 4676 vult,
420 4600 503 4660 1600
523 4609 561 4660 11
578 4595 826 4677 Eratosthenes,
851 4599 929 4659 1481
954 4595 1008 4662 111
1032 4601 1115 4662 rtet
1138 4594 1311 4660 secundum
1334 4593 1541 4669 Airieanum,
1564 4593 1644 4658 adeo
1665 4596 1750 4659 inter
1770 4605 1961 4660 se'oonsen·

0 4780 1 4783 ,
117 4723 230 4794 tinnt,
245 4697 301 4779 ’11
321 4731 402 4779 sane
421 4715 577 4778 1111111111
598 4711 712 4794 lineat,
741 4733 785 4777 ex
804 4716 876 4800 ipsa
896 4711 1104 4781 Marathonis
1124 4728 1158 4777 et
1178 4707 1403 4776 Eratosthenis
1428 4713 1589 4775 sententia
1612 4713 1737 4778 circiter
1759 4715 1843 4778 1500
1869 4713 1961 4776 aunis

114 4852 198 4900 ente
222 4832 360 4900 Amasin
382 4829 429 4912 l·‚
463 4833 534 4896 siue
555 4843 628 4895 ante
652 4830 831 4914 dynastiam
853 4830 1117 4911 XV111‚veram
1140 4829 1374 4916 Aegyptiorum
1397 4826 1564 4892 historiam
1584 4831 1736 4916 insipere.
1779 4829 1853 4894 Huo
1873 4828 1960 4912 laoit,

115 4953 207 5040 qnod
232 4948 412 5015 seeundum
438 4947 554 5014 Persas
582 4953 706 5038 primus
728 4955 803 5036 post
824 4947 980 5013 diluuium
1009 4968 1071 5014 rex
1093 4947 1219 5042 audiuit
1240 4946 1416 5027 Sesostris,
1441 4944 1536 5030 quale
1558 4967 1673 5012 nomeu
1696 4947 1855 5031 reperitur
1876 4948 1960 5013 inter

398 5113 535 5122 ...ι-..ι--μ-

184 5225 219 5292 8>
247 5221 355 5276 (leues.
379 5213 566 5274 xxxv1te.
593 5221 653 5279 col.
678 5219 784 5274 Sextus
811 5217 919 5288 Empir.
947 5221 1009 5276 adr.
1035 5217 1142 5273 Astrol.
1171 5215 1214 5270 ad.
1239 5213 1351 5270 Fabrio.
1372 5229 1398 5284 p.
1417 5215 1479 5272 stt.
1500 5223 1560 5271 not·
1578 5215 1629 5285 td,
1649 5178 1700 5273 111.
1717 5217 1742 5271 J.
1761 5219 1792 5274 F.
1814 5237 1838 5271 r.
1858 5219 1959 5285 Meyer

1 5354 7 5386 ,
106 5309 239 5364 11111111
264 5310 312 5362 111
330 5305 438 5361 attere
456 5304 613 5360 Webrhett.
636 5305 699 5360 Vol.
717 5307 765 5359 111.
787 5321 814 5376 p.
830 5307 893 5359 1111.
1003 5335 1007 5346 ·
