4860 6092
1926 425 1945 464 Χ

899 494 1266 634 -ιοι-ξ-

154 753 225 834 ipse
245 741 371 841 liugas,
402 757 441 808 vt
460 743 545 808 inira
573 744 761 832 apparabitp
792 743 940 808 dutuiuus
967 755 1018 807 cat
1039 745 1205 830 signorum
1231 742 1362 808 chiaci
1384 765 1575 828 vernorum,
1607 748 1774 830 speciatim
1800 759 1851 833 δ’,
1879 755 1937 814 seu
1963 755 1987 830 ῼ

155 865 275 928 dumus.

233 978 345 1060 Artes,
367 977 488 1064 Ἄρνης,
503 975 631 1057 Ertcri,
652 977 800 1064 Ἕρτωσι,
819 989 856 1040 vt
878 975 1018 1040 vidimus
1040 973 1132 1061 (Sap.
1149 974 1176 1039 1.
1193 979 1222 1054 fi.
1238 981 1271 1038 4.
1284 996 1361 1061 pag.
1379 981 1456 1062 tn),
1475 976 1668 1063 &planetae
1691 992 1769 1044 sunt
1789 985 1990 1066 cognomina.

150 1095 258 1172 Quum
282 1095 442 1161 domicilia
465 1096 668 1182 planetarum
699 1091 773 1158 cum
794 1092 935 1178 planctis
966 1095 1033 1156 suis
1054 1091 1194 1156 dominis
1214 1094 1409 1157 conueniant
1429 1107 1560 1172 nutura3
1593 1098 1762 1182 sequitur,
1784 1096 1842 1161 illu
1863 1100 1992 1162 uomina

149 1215 246 1278 etiam
270 1213 436 1281 domiciliis
461 1224 509 1295 &r
531 1214 649 1300 quippe
671 1223 711 1282 γ
730 1226 764 1274 ot
788 1219 822 1284 111
845 1211 1026 1273 conuenire.
1069 1207 1197 1294 lleapsa
1217 1205 1350 1274 Vettius
1370 1209 1494 1275 Valens
1518 1210 1629 1296 (Salm.
1643 1211 1727 1278 Anu.
1742 1211 1827 1280 clim.
1845 1215 1989 1300 poet),

148 1329 325 1411 ‚,Martis‚“
346 1335 403 1414 ait,
425 1329 545 1414 „stella
561 1328 694 1393 rubrum
714 1325 814 1391 habet
828 1321 979 1390 colorem.
1003 1323 1087 1390 Nam
1109 1325 1193 1390 lunc
1216 1329 1315 1414 ignea
1336 1342 1386 1393 est
1408 1329 1461 1394 bic
1477 1330 1577 1409 Deus,
1601 1343 1713 1418 estque
1733 1333 1798 1416 ipsi
1817 1333 1868 1395 ris
1889 1329 1988 1394 disse·

156 1441 251 1512 candi
273 1460 307 1512 ct
329 1449 554 1515 interficiendi.
598 1444 738 1529 ideoque
760 1441 912 1528 Aegyptii
936 1442 1037 1508 Acten
1059 1438 1201 1548 (ιφ-ψ)
1224 1447 1331 1530 ipsum
1352 1461 1517 1531 vomrunt,
1542 1450 1692 1536 quoniam
1714 1446 1931 1512 beneficorum
1954 1461 1986 1510 et

146 1571 236 1633 vitae
253 1571 452 1633 intemersor
474 1565 558 1626 est“.
600 1560 700 1626 Addit
725 1557 891 1624 Cedreuus
912 1559 1024 1644 (Saltu.
1040 1559 1064 1624 l.
1079 1563 1137 1644 c.):
1168 1559 1277 1626 Stella
1296 1562 1424 1629 Martis
1447 1564 1489 1628 cd
1510 1565 1686 1652 Aegyptiis
1706 1575 1851 1631 cecatur
1871 1563 1991 1629 Ertcrt'

144 1691 334 1792 (tp-'rum
353 1682 530 1767 plantare,
557 1678 748 1760 generare).
794 1671 976 1760 Significat
1001 1685 1111 1742 anteat
1131 1677 1192 1742 hcc
1213 1685 1467 1764 castigareris
1492 1687 1755 1766 procreationem
1776 1692 1812 1746 et
1832 1679 1985 1760 vinatica-

143 1811 278 1883 tionem,
304 1805 467 1883 ontnitqne
490 1792 693 1858 indecentiae
721 1799 755 1854 et
775 1798 935 1856 materiae
960 1803 1116 1858 natarent
1137 1803 1174 1859 et
1194 1801 1258 1860 cim
1284 1795 1491 1862 ordinantem
1512 1807 1613 1882 etqne
1629 1808 1869 1886 procreantem.
1911 1797 1984 1864 Hae

144 1931 255 1982 nutem
270 1919 407 1980 virtutes
421 1933 484 1974 nou
498 1910 602 1973 solnm
616 1922 691 1974 suut
710 1911 738 1984 ἃ
756 1907 917 1993 planetae,
933 1911 1101 1975 sedetiam
1116 1914 1143 1988 ὃ
1165 1911 1284 1976 domini
1298 1925 1347 1986 γ.
1371 1914 1527 1978 Firmicus
1544 1913 1602 1994 (ll.
1618 1936 1646 1982 c.
1662 1922 1719 1997 tn)
1741 1919 1804 1983 ait:
1824 1920 1859 1981 iu
1874 1929 1912 1988 Υ
1936 1919 1986 1980 ἱιι·

142 2053 276 2120 gressus
297 2031 332 2101 Θ
353 2047 411 2092 vor
433 2025 521 2090 facit.
567 2023 758 2112 Quicunque
771 2038 810 2096 γ’
836 2023 1069 2112 horoscopante
1090 2031 1275 2109 nascuntur,
1298 2029 1338 2093 ad
1360 2032 1470 2114 ignem
1486 2028 1741 2119 cholericamqne
1761 2046 1909 2098 naturam
1931 2031 1986 2096 de-

141 2147 319 2214 clinabunt.
350 2143 432 2208 ltem
453 2141 511 2227 (V.
530 2164 556 2207 c.
571 2141 630 2224 6.),
651 2144 717 2228 qui,
738 2141 854 2225 inquit,
872 2140 907 2212 Θ
928 2156 1080 2208 versante
1099 2146 1133 2208 in
1154 2155 1195 2216 ν·
1213 2157 1396 2221 nascantur,
1410 2144 1599 2229 maleficiis,
1619 2148 1806 2213 crudelitate
1826 2169 1986 2234 saeuaque
2100 2165 2106 2176 ’

140 2268 280 2331 victoria
300 2260 523 2350 gaudebuut“.
567 2256 704 2322 Constat
726 2277 824 2337 vero,
855 2255 964 2322 Solum
994 2261 1058 2324 dici
1086 2258 1280 2338 Herculem,
1307 2283 1405 2348 quum
1424 2275 1582 2327 ,versutus
1610 2267 1643 2328 iu
1675 2263 1844 2330 domiciliis
1873 2267 1902 2343 ἃ
1928 2285 1986 2330 seu

140 2381 316 2454 Herculia
338 2399 438 2464 quare
459 2373 628 2462 probabile
649 2388 710 2457 est,
733 2373 790 2439 illu
804 2379 934 2442 numina
955 2380 1052 2442 etiam
1072 2377 1112 2442 de
1133 2376 1169 2447 Θ
1187 2380 1220 2442 in
1245 2383 1282 2464 (3
1299 2378 1557 2465 possessionibus
1577 2397 1728 2447 versante
1746 2383 1901 2450 adhiberi.

231 2498 381 2578 Arteria,
405 2497 590 2578 Ἀρουηρις,
620 2512 798 2578 cognomen
825 2495 849 2575 p
874 2510 971 2582 atque
991 2497 1031 2576 Θ
1052 2497 1086 2558 in
1116 2497 1139 2579 ἕ
1167 2495 1423 2582 possessionibus
1445 2499 1618 2561 versantis.
1661 2497 1777 2564 Tradit
1795 2500 1986 2578 Plutarchus

140 2616 199 2697 (Is.
221 2616 320 2696 355),
346 2609 489 2678 necanda
511 2607 565 2671 die
587 2605 736 2672 Arnen-in
756 2629 828 2673 erre
848 2621 980 2688 notant,
1009 2631 1099 2698 quent
1118 2610 1305 2696 Apollineos
1328 2621 1364 2675 et
1385 2618 1544 2677 seniorem
1570 2611 1695 2677 Horum
1718 2615 1851 2696 dicunt,
1874 2629 1907 2678 et
1928 2615 1982 2698 (ih.

138 2733 255 2816 sta),
280 2729 420 2815 Apollo,
442 2727 565 2811 inquit,
590 2743 636 2789 en
658 2724 751 2789 Iride
766 2735 802 2790 et
821 2727 961 2806 Orirtde,
983 2726 1091 2791 atine
1110 2731 1147 2790 in
1169 2737 1263 2791 oterc
1284 2725 1400 2790 Rhene
1415 2725 1641 2808 vernentes,
1665 2727 1788 2789 dicitnr
1810 2736 1921 2804 nutet,
1942 2763 1985 2776 -

136 2851 280 2934 ideoque
300 2847 393 2911 illntn
411 2843 505 2906 denas
526 2839 683 2921 eisteten,
706 2847 742 2904 t'n
765 2841 910 2909 tenebris
933 2853 1045 2910 natent
1067 2861 1140 2906 erre
1160 2847 1275 2921 aiunt,
1299 2850 1335 2903 et
1350 2847 1508 2905 seniorem
1530 2841 1656 2906 Horum
1678 2843 1862 2927 appellant.
1904 2844 1983 2910 Pro·

134 2969 227 3033 lecto
252 2973 276 3048 p
303 2962 454 3050 planetae
483 2959 614 3021 uomina
641 2969 717 3021 suut
739 2957 857 3042 Apollo
881 2958 974 3041 (Vid.
995 2980 1066 3041 unp.
1088 2961 1181 3040 pat.
1200 2958 1257 3037 Π)
1279 2969 1329 3039 et,
1352 2959 1400 3021 vti
1425 2957 1770 3040 videbimus,·Horus;
1791 2973 1888 3045 atque
1910 2981 1982 3024 cum

133 3089 155 3168 ἕ
178 3085 317 3171 planeta
346 3075 496 3143 conuenit
516 3071 650 3136 Ameria
678 3071 717 3157 (l.
742 3074 772 3149 ἱ.
782 3077 834 3136 34.
853 3095 886 3158 p.
896 3072 965 3154 tt).
990 3071 1118 3137 Dicitur
1138 3087 1246 3137 autem
1266 3073 1402 3139 Arueris
1424 3073 1536 3140 Herus
1557 3077 1683 3158 senior,
1715 3075 1982 3161 quemadmodum

133 3203 384 3284 distinguantur
397 3191 537 3257 Hermes
558 3200 592 3253 et
604 3189 744 3253 Hennes
763 3189 990 3274 trismegistus,
1012 3187 1122 3254 llorur
1142 3201 1175 3277 et
1195 3190 1307 3256 Horas
1329 3189 1466 3278 Apollo;
1492 3213 1591 3278 quare
1612 3193 1745 3259 Anseris
1765 3195 1862 3254 etiam
1884 3192 1983 3282 ⁰¹¹0

129 3319 321 3404 pertineat,
343 3325 477 3371 necesso
494 3317 553 3368 est.
597 3305 725 3390 lleapse
748 3304 858 3370 Horus
878 3303 931 3370 bic
953 3305 1085 3371 mutilus
1108 3305 1223 3371 dicitur
1245 3320 1404 3394 natusque
1425 3329 1471 3373 ex
1492 3307 1632 3368 tenebris
1654 3303 1704 3391 (z
1731 3317 1764 3370 et
1785 3306 1861 3391 ab
1883 3330 1982 3395 quare
2101 3322 2103 3326 ’

128 3435 225 3497 idern
248 3439 299 3490 est
318 3445 391 3489 cum
409 3423 624 3506 Harpocrate,
646 3439 706 3524 ωρ
729 3412 816 3500 ΜΒ
841 3439 935 3525 We
959 3421 1050 3488 Horo
1073 3421 1290 3500 claudicante,
1325 3423 1440 3482 leiim
1461 3417 1536 3484 111⁰·
1578 3419 1672 3497 Quae
1701 3424 1830 3510 quidem
1850 3429 1982 3490 numine

128 3556 168 3629 Θ
193 3567 243 3611 01
268 3541 407 3607 solstitio
428 3538 563 3603 hiberno
583 3538 812 3620 prodeuntem,
836 3539 937 3604 solem
957 3555 1093 3604 verutum
1116 3536 1296 3621 designant.
1339 3533 1438 3600 Veris
1457 3557 1535 3600 vero
1558 3535 1705 3603 dontinus
1720 3552 1770 3604 est
1789 3545 1812 3622 tt
1831 3541 1982 3604 iuuenilis

130 3668 175 3752 (Ι,
204 3665 280 3746 §⁴⁷⁰
303 3677 378 3742 pag.
391 3653 469 3736 lh).
520 3649 613 3716 llauc
642 3667 727 3716 certe
759 3651 952 3714 sententiam
976 3650 1147 3716 confirmat
1177 3655 1315 3718 nominis
1343 3656 1584 3737 interpretatio,
1613 3653 1696 3740 quod
1725 3666 1850 3717 constat
1870 3654 1980 3719 verbis

130 3801 195 3884 ,Dp
223 3776 354 3852 Herus,
382 3784 479 3856 atqua
501 3785 627 3871 ογῃρ,
648 3770 718 3832 siue
738 3787 831 3872 asp,
856 3783 978 3848 uonna,
1003 3789 1072 3850 ver,
1095 3771 1170 3856 inp,
1197 3776 1260 3855 βηρ
1285 3770 1437 3842 Aeolicus
1458 3767 1573 3855 quihus
1603 3765 1711 3832 affinia
1733 3782 1809 3834 sunt
1828 3789 1891 3875 ap,
1913 3785 1979 3838 tta:

122 3898 268 3974 facere.
313 3889 397 3954 Hinc
424 3900 512 3951 recte
533 3883 725 3950 Plutarchus
756 3886 810 3964 (Is.
835 3886 927 3973 5⁷4.)
950 3907 1067 3952 nomen
1097 3887 1193 3952 Isidis
1222 3893 1376 3974 Medoen,
1409 3905 1712 3993 Μῑ-ἐ-τ-ογερ,
1735 3901 1883 3953 constare
1904 3887 1979 3952 dicit

130 4017 163 4078 ἐκ
184 4035 248 4076 roc
271 4011 412 4091 πληρους
432 4008 687 4072 noanneane.
1553 4035 1556 4042 ⁴

223 4120 360 4206 liudpr,
390 4122 521 4200 Raptor,
553 4115 683 4200 liebus,
707 4121 819 4201 Βιβων
842 4124 1032 4207 cognomina
1060 4121 1102 4204 ἢ.
1146 4119 1246 4186 Teste
1277 4121 1446 4189 Plutarcho
1470 4123 1525 4211 (Is.
1548 4128 1634 4209 tt),
1664 4120 1876 4205 significatur
1898 4141 1977 4183 voce

133 4243 283 4309 Bedunia
305 4239 464 4318 detentio,
489 4241 645 4299 coercitio
668 4244 706 4298 et
719 4233 915 4319 prohibitio,
944 4235 1030 4320 qnod
1051 4234 1148 4300 rebar
1176 4247 1270 4302 recta
1291 4245 1349 4302 oio
1375 4239 1619 4319 incedentibus,
1644 4247 1679 4302 et
1700 4237 1746 4299 ad
1757 4235 1864 4314 finem
1886 4255 1977 4300 annm

133 4351 363 4436 tendatidnt,
384 4359 435 4418 cie
461 4349 625 4436 Typhonis
641 4351 695 4438 (h)
712 4349 861 4416 einrici.
904 4352 1029 4417 Similia
1048 4353 1238 4420 Plutarchus
1261 4357 1394 4443 (part)
1417 4371 1450 4422 et
1464 4357 1653 4422 Hellanicus
1672 4353 1757 4438 apud
1774 4353 1973 4419 Athenaeum

135 4471 325 4562 (Deipn.L.
335 4471 417 4536 XV.
437 4493 471 4556 p.
481 4473 571 4552 680).
607 4464 680 4550 Dii,
696 4471 810 4555 inquit,
827 4475 863 4532 in
877 4467 1029 4556 Aegypto
1043 4491 1185 4536 emenus
1206 4471 1272 4537 ridi
1283 4473 1516 4555 detexerunt,
1532 4490 1604 4535 cnut
1617 4467 1745 4553 halyn,
1769 4475 1828 4556 qni
1842 4467 1975 4556 Typhon

134 4589 212 4678 (ἦ)
229 4597 291 4666 cst,
306 4605 452 4670 regnare
464 4585 722 4650 intellexissent.
748 4584 963 4653 Cenlerantur
979 4587 1135 4654 vocabula
1150 4587 1284 4676 Coptica
1297 4610 1367 4664 aaa
1379 4610 1529 4671 causi-ua,
1544 4607 1642 4666 aaut?
1664 4600 1832 4673 augustus,
1848 4587 1974 4664 stultus,

133 4723 330 4798 tin-mc,
346 4723 539 4800 πλογιιιιγ
564 4707 760 4786 contrarius,
793 4707 1006 4772 aduersarius.
1057 4704 1154 4769 Certe
1176 4705 1365 4772 Plutarchus
1392 4703 1448 4785 (ls.
1478 4710 1565 4791 367.)
1583 4705 1675 4772 -haec
1695 4707 1809 4771 tradit:
1843 4703 1972 4789 Typhon

134 4833 253 4889 autern
276 4819 349 4884 snt
370 4823 539 4906 unitatur
562 4829 597 4884 et
617 4816 728 4884 &den
748 4841 788 4883 oo
803 4827 936 4906 increper
959 4819 1052 4904 Stry,
1075 4819 1188 4906 putdrr
1207 4820 1315 4885 cerdis
1334 4820 1503 4888 indicatur
1524 4825 1682 4890 violentia
1702 4823 1870 4910 quaedam,
1892 4839 1971 4884 con·
2113 4875 2115 4880 .

132 4943 320 5020 trarietra
347 4942 586 5034 nnt'inserrio.
624 4937 715 5024 Ergo
736 4935 833 5000 radix
857 4935 945 5000 haud
967 4937 1063 5002 dubie
1085 4951 1134 5001 est
1155 4955 1257 5030 ογιιε
1279 4945 1406 5004 contra.
1449 4937 1601 5008 Ceterum
1632 4943 1716 5030 quod
1741 4939 1869 5024 Babys,
1901 4941 1970 5002 siue

130 5055 285 5143 Typhon
302 5077 454 5142 regnam
476 5056 610 5140 dicitur,
632 5057 665 5120 in
687 5052 800 5119 oculos
816 5054 970 5148 incurrit,
992 5051 1055 5117 hoc
1078 5053 1141 5116 dici
1163 5053 1203 5118 de
1226 5051 1262 5124 Θ
1280 5058 1373 5143 signa
1401 5065 1430 5140 ᾖ
1461 5070 1494 5125 et
1512 5073 1553 5134 m
1573 5060 1722 5126 obeunte.

220 5169 347 5252 Belua,
376 5175 474 5250 Βελος
505 5172 590 5238 haud
620 5171 716 5242 dubie
743 5171 780 5245 Θ
808 5166 966 5266 (ιη-λλ,
993 5175 1134 5276 itt-pn)
1158 5171 1330 5259 siguificat.
1374 5173 1490 5242 Graeci
1513 5179 1691 5244 enimcum
1721 5186 1838 5240 vocant
1859 5171 1968 5236 leuem

128 5301 203 5376 (aut
229 5285 291 5372 Θ,
322 5301 379 5354 aut
401 5288 463 5374 ΖΩς
489 5311 547 5356 uec
568 5288 695 5372 dubito,
721 5292 796 5376 quin
817 5287 890 5366 Βελ
911 5287 1006 5356 affine
1021 5291 1065 5355 sit
1078 5287 1169 5369 Banl,
1189 5293 1211 5356 i.
1228 5312 1257 5357 e.
1279 5281 1438 5378 domiuus,
1457 5296 1564 5388 6100,
1589 5297 1673 5376 ζευς,
1696 5289 1807 5367 Deus,
1828 5289 1896 5350 siue
1919 5289 1964 5356 Θ·
