4860 6092
901 597 1268 678 -107-

169 809 283 854 annum
305 789 553 853 astronomicum
575 789 772 872 suspicante,
796 786 926 864 tenello,
949 789 982 850 in
1005 785 1072 851 fine
1092 789 1128 858 ,A
1154 789 1317 852 terrestris
1341 791 1472 869 nutrito,
1492 791 1568 856 inde
1589 809 1761 862 crescente.
1805 795 1998 870 Bononiam

166 906 378 992 Harpocraten
400 906 449 991 (Θ
470 907 586 986 nouas)
609 907 673 970 rite
695 905 871 989 eodemque
901 903 996 968 modo
1025 924 1097 967 cnm
1120 902 1211 968 Horo
1239 901 1422 988 colebatur,
1453 919 1536 972 teste
1558 908 1740 994 Epiphanio
1767 914 1904 1002 (Expcs.
1926 921 1997 986 Fid.

165 1021 192 1096 i.
202 1025 232 1086 5.
254 1023 414 1108 prosa),
437 1034 598 1108 quatenus
619 1028 655 1098 Θ
677 1041 811 1084 veroum
834 1018 1005 1106 significat.
1048 1017 1156 1094 Quum
1178 1033 1311 1107 vterque
1332 1019 1419 1088 filius
1440 1023 1537 1089 leidis
1565 1024 1680 1103 luerit,
1713 1026 1774 1092 Isis
1796 1052 1892 1112 vero,
1914 1049 1997 1103 teste

163 1132 344 1225 Epiphanio
368 1141 401 1202 io
422 1136 596 1222 Anconam,
619 1159 682 1203 noo
708 1140 769 1202 nisi
786 1159 883 1200 rouro
907 1133 1011 1201 filiurn
1033 1135 1101 1219 (ἕνα
1124 1137 1232 1220 antio)
1256 1137 1424 1219 babuerit3
1451 1141 1526 1204 inde
1549 1146 1771 1229 conseqititur,
1796 1162 1852 1212 aut
1870 1149 1996 1220 Horum

162 1267 194 1318 et
213 1254 450 1343 Harpocratem
474 1257 611 1322 eundem
631 1256 747 1332 luisse,
770 1265 842 1333 aut,
865 1275 962 1338 quum
984 1252 1103 1317 diserte
1125 1251 1208 1317 alter
1228 1253 1268 1320 ab
1290 1255 1391 1322 altero
1413 1257 1647 1344 distinguatur,
1671 1259 1860 1338 alterutrum
1883 1273 1919 1346 Θ
1939 1283 1995 1335 aot

167 1377 206 1452 lt,
228 1371 307 1438 solis
328 1375 489 1454 comitem,
510 1372 704 1460 significare.
739 1369 854 1434 Soidas
870 1371 904 1433 in
927 1391 1007 1434 noce
1027 1353 1183 1454 Priapos,
1207 1371 1440 1450 St'raulncrttst,
1460 1378 1575 1461 inquit,
1598 1377 1727 1462 Priapi,
1754 1399 1846 1464 paens
1867 1379 1994 1448 Homer

159 1485 319 1572 Aegyptii
337 1499 471 1570 cocant,
494 1487 635 1552 bannos
649 1485 929 1568 forncfingsnt.
959 1523 992 1536 -
1025 1485 1175 1550 netues
1197 1493 1282 1553 crist
1304 1510 1344 1553 nc
1370 1485 1478 1554 Solent
1498 1511 1570 1556 este
1589 1492 1808 1562 arbitrantur.
1851 1496 1925 1573 Quo
1946 1523 1992 1566 ex

158 1600 229 1668 loco
252 1618 406 1691 apparet,
433 1627 532 1691 quom
555 1607 691 1690 Priapus
711 1607 743 1668 in
765 1603 933 1668 domiciliis
961 1608 984 1687 ξ
1015 1617 1047 1669 et
1068 1607 1091 1688 ῼ
1113 1601 1218 1668 cultus
1240 1605 1354 1685 luerit,
1376 1605 1501 1671 Horum
1521 1611 1624 1694 primo
1644 1615 1665 1690 ἕ
1687 1624 1720 1675 et
1740 1614 1764 1694 ῼ
1781 1634 1906 1701 quoque
1926 1619 1992 1704 sig.

157 1719 308 1804 nificare,
333 1720 407 1785 binc
431 1729 465 1796 Θ
487 1723 519 1785 io
540 1717 798 1807 possessionibus
823 1725 845 1798 ἕ
874 1732 906 1783 et
924 1723 961 1804 ῼ.
1004 1717 1112 1796 Quum
1133 1741 1212 1786 vero
1233 1723 1343 1787 Home
1365 1719 1426 1804 (t)
1450 1725 1598 1791 dominus
1620 1730 1708 1792 veris
1728 1728 1844 1812 luerit,
1867 1731 1990 1800 clarum

156 1851 227 1917 est,
250 1839 367 1916 odiel
387 1838 565 1904 Hornmin
588 1838 689 1923 signis
716 1835 737 1906 li
765 1833 818 1901 vel
841 1843 866 1924 ῼ
890 1834 1043 1902 subiectis
1065 1849 1258 1903 versantem.
1301 1835 1417 1904 Tradit
1436 1839 1619 1936 Macrobius
1639 1843 1675 1926 (l.
1696 1845 1761 1926 c.),
1782 1844 1988 1933 Hermonthi‚

154 1954 190 2016 in
211 1955 384 2042 magnifico
400 1955 561 2040 Apollinis
582 1950 703 2038 templo
725 1965 945 2019 consecratum
963 1952 1031 2018 Soli
1052 1967 1178 2018 taurum
1201 1951 1275 2018 ooli.
1305 1953 1490 2022 Macrobius
1510 1962 1588 2024 item
1603 1961 1684 2044 (Sat.
1695 1961 1798 2044 121),
1822 1963 1912 2048 opud
1922 1966 1989 2030 Ae·

152 2075 306 2152 gryphos,
325 2073 447 2158 inquit,
471 2072 610 2157 Apollo,
634 2075 693 2156 qni
711 2079 764 2134 est
785 2068 856 2151 Sol,
880 2069 994 2135 Horas
1012 2079 1163 2140 occatur.
1206 2069 1381 2156 Aegyptii,
1404 2075 1509 2161 inquit
1530 2073 1712 2162 Horapollc
1734 2078 1776 2161 (l.
1799 2079 1906 2166 cli),
1930 2080 1988 2146 ssd
2021 2051 2029 2064 ἱ

153 2185 239 2248 solio
261 2184 351 2251 Hori
374 2192 435 2275 (Θ)
461 2190 573 2254 teones
602 2195 808 2272 supportaret,
840 2185 937 2252 duint
958 2187 1111 2251 animulis
1133 2206 1202 2251 cen
1229 2187 1291 2251 teo
1319 2196 1430 2274 otpote
1451 2188 1531 2256 Sole
1551 2194 1792 2259 similitudines·
1814 2203 1988 2262 nomast

151 2311 384 2372 nonstrantes.
428 2303 564 2372 Dicitur
593 2314 700 2370 ostent
722 2303 813 2390 opud
840 2301 1121 2370 consolidaret.
1164 2305 1220 2370 Ex
1247 2302 1299 2370 bis
1326 2308 1435 2394 itaque
1461 2308 1560 2390 locis,
1591 2333 1673 2398 quae
1702 2311 1797 2376 lacils
1823 2318 1989 2382 sexcentis

153 2414 226 2482 aliis
254 2406 367 2508 augeri
395 2425 594 2508 potuissent,
626 2420 831 2507 intelligitur,
868 2421 994 2487 Horum
1024 2419 1209 2509 significare
1231 2422 1284 2506 Θ,
1316 2429 1488 2512 praecipue
1516 2448 1663 2503 vernn.
1713 2427 1882 2516 Significat
1906 2453 1987 2499 vero

153 2536 252 2600 etiam
275 2543 297 2623 ξ
321 2537 496 2626 planetam.
537 2539 740 2626 Quamquam
770 2541 855 2604 enim
877 2538 938 2604 boc
965 2542 1110 2625 seqnitur
1132 2543 1250 2624 partim
1276 2561 1321 2604 ex
1344 2541 1424 2606 locis
1447 2541 1570 2624 allatis3
1602 2544 1718 2608 adsunt
1740 2559 1846 2612 tamen
1869 2561 1902 2613 et
1920 2549 1987 2615 cla·

151 2651 238 2718 riora
261 2657 456 2723 testimonia.
507 2657 622 2724 Tradit
649 2655 792 2723 Achilles
814 2654 931 2722 Totius
960 2657 1085 2736 (Petau.
1107 2653 1211 2722 Vrao.
1237 2656 1365 2742 pmcn)
1391 2655 1489 2720 haec:
1517 2655 1614 2721 broc
1640 2655 1763 2742 Ἕρμου
1792 2659 1892 2747 decep
1920 2663 1985 2750 (li)

150 2775 291 2838 substant
311 2797 396 2860 napo
417 2799 475 2858 μιν
492 2771 626 2857 Ἕλλησι
648 2778 796 2854 ustificat,
817 2797 903 2853 tropo
920 2774 955 2838 ds
971 2775 1158 2856 Alyattstotc
1173 2770 1368 2844 Ἀπολλωνος
1389 2769 1498 2852 dorne.
1540 2769 1663 2835 Notum
1684 2795 1762 2838 vero
1784 2786 1844 2855 ent,
1859 2774 1986 2843 Horum

148 2903 335 2956 constanter
348 2895 467 2958 ¹vocari
491 2889 686 2977 Apollinem.
730 2888 917 2954 Herodotus
941 2887 997 2972 lll-
1022 2892 1083 2951 144
1105 2899 1138 2948 et
1160 2888 1263 2964 156),
1286 2882 1388 2968 ὦρον,
1409 2885 1533 2969 inquit,
1562 2911 1620 2952 son
1643 2887 1782 2974 'Oorptoc
1805 2885 1867 2973 (Θ)
1887 2896 1986 2959 nardo

149 3005 215 3092 (ξ)
237 3033 297 3076 sot
322 3006 502 3072 >inclinata
519 3003 662 3088 Ἓλληνες
690 3002 887 3088 donaciones.
937 3002 1019 3067 ltem
1047 2998 1180 3066 Proclus
1205 2997 1358 3084 (Parapb.
1380 2998 1464 3066 Ptol.
1485 3001 1512 3068 Ι.
1535 3024 1562 3068 c.
1581 3007 1611 3068 9.
1636 3027 1670 3089 p.
1686 3009 1739 3070 32.
1769 3005 1982 3095 Vid.sup.1.

146 3125 178 3200 1.
194 3127 251 3189 25.
278 3131 333 3199 Π.
353 3144 429 3208 pag.
444 3122 508 3203 31.)
536 3121 654 3185 diserte
684 3121 705 3190 li
734 3116 876 3204 appellat
903 3115 1098 3202 Apollinem.
1150 3114 1239 3182 Vrbs
1267 3115 1492 3203 Hermopolis,
1530 3141 1595 3206 qua
1621 3121 1759 3188 Hermes
1788 3122 1851 3208 (t)
1878 3125 1983 3192 cultas

146 3237 230 3321 tuit,
262 3236 461 3323 Aegyptiace
485 3234 651 3301 dicebatur
676 3229 950 3337 weit-amp,
981 3233 1132 3320 oppidum
1160 3232 1243 3299 Hori
1278 3232 1473 3322 (Chompoll.
1499 3236 1658 3324 L’Egypt.
1685 3238 1730 3303 ll.
1752 3239 1842 3325 252).
1894 3242 1983 3310 lotor

146 3357 293 3442 quinque
314 3351 411 3435 deos,
435 3355 509 3440 qui,
532 3355 635 3417 serim
656 3353 743 3434 nati,
766 3372 838 3416 cum
861 3357 881 3415 7
901 3349 1029 3416 cabiris
1050 3357 1092 3416 12
1113 3351 1192 3416 deos
1212 3351 1447 3438 Aegyptiorum
1466 3373 1602 3438 magnos
1624 3357 1836 3440 constituunt,
1859 3358 1981 3444 Herus,

145 3473 220 3538 siue
241 3469 394 3550 Aroeris,
424 3470 493 3533 siue
513 3468 649 3554 Apollo,
677 3467 850 3535 Plutarcho
872 3481 953 3534 teste
975 3468 1032 3549 (ls.
1052 3491 1085 3556 p.
1093 3467 1201 3552 355),
1223 3471 1335 3556 vtique
1362 3468 1383 3538 t
1412 3473 1563 3536 conuenit
1583 3471 1622 3550 (l.
1644 3479 1675 3553 ἦ.
1684 3476 1737 3538 31.
1760 3477 1864 3560 p42).
1906 3477 1981 3543 Huc

146 3599 276 3673 spectat
296 3584 388 3650 locus
403 3585 539 3651 Diodori
562 3585 603 3671 (l.
625 3609 652 3652 c.
664 3590 717 3651 25.
737 3609 770 3673 p.
781 3591 835 3651 30.
858 3585 967 3671 Wes.)
996 3583 1136 3650 inuenit
1158 3585 1238 3668 Itis,
1259 3587 1375 3674 inquit,
1395 3587 1655 3652 inmortalitatis
1670 3584 1894 3671 phreneses,
1915 3609 1978 3674 pso

136 3701 253 3777 filiast
276 3697 421 3780 Harant,
448 3700 599 3766 Τι’τιιιιιιιι
623 3704 754 3769 insidiis
774 3721 981 3788 suppresserit
1003 3707 1039 3765 is
1063 3705 1164 3765 odota
1185 3700 1333 3768 reducit.
1376 3700 1442 3766 Hic
1461 3703 1592 3766 citinas
1611 3701 1752 3767 deorsus.
1794 3701 2000 3790 stonsque·

144 3823 417 3906 interpretaretur
435 3818 663 3906 Appoltissst,
693 3824 750 3904 pai
768 3817 920 3884 medendi
946 3829 982 3884 et
1006 3817 1216 3883 occurerrit
1240 3826 1346 3884 artent
1371 3816 1537 3904 (turpisne)
1567 3814 1609 3880 nd
1629 3813 1722 3880 Iside
1748 3827 1854 3884 stntrs
1883 3818 1981 3885 edoc-

142 3944 215 4019 iss,
257 3937 402 4002 oraculis
424 3945 460 4000 et
477 3932 749 4001 medicationibus
778 3938 844 4019 (dre
859 3961 923 4002 stes
942 3959 1094 4020 χρησμων
1121 3959 1173 3999 και
1187 3959 1252 4001 των
1274 3937 1463 4018 inpensiore)
1486 3931 1566 3996 dese
1585 3933 1627 3998 de
1650 3935 1835 4001 sornatius
1857 3953 1982 4020 genere

142 4060 286 4121 sseritsts
314 4061 375 4120 est.
423 4051 605 4118 Medicinae
635 4073 715 4117 vero
733 4055 855 4138 pariter
880 4067 977 4140 atque
1008 4053 1087 4117 artis
1115 4053 1274 4117 manticae
1307 4063 1418 4116 auctor
1446 4061 1479 4114 et
1507 4063 1664 4136 patronos
1691 4049 1714 4120 li
1746 4051 1978 4135 cattinas.

145 4167 205 4237 Νο.
225 4176 310 4236 SA.
328 4173 359 4235 5.
381 4190 459 4256 pag.
474 4173 542 4246 65).
593 4167 743 4257 Denique
766 4167 876 4234 Horas
903 4171 1002 4234 etiam
1029 4174 1055 4248 ῼ
1082 4166 1245 4253 planetam
1274 4166 1447 4254 significat.
1494 4163 1609 4231 Tradit
1627 4165 1790 4230 Diodorus
1817 4167 1855 4248 (l.
1875 4191 1909 4256 p.
1926 4177 1979 4238 21.

145 4283 291 4370 wasa),
322 4285 481 4352 Osiridest
514 4285 756 4371 sepeditiosess
778 4284 911 4362 fecisse
932 4304 1002 4350 cess
1022 4283 1162 4362 fratre,
1192 4301 1283 4370 quest
1307 4279 1434 4348 Graeci
1450 4281 1637 4367 Apollineas
1663 4282 1679 4366 (
1690 4280 1732 4366 t)
1751 4295 1892 4369 cocant,
1920 4295 1979 4372 psi

150 4401 239 4466 taetri
260 4399 671 4474 demonstrntcrbobetrsr.
697 4438 736 4452 -
769 4399 846 4466 &st
868 4399 996 4465 Orientis
1016 4399 1097 4466 dsos
1108 4397 1207 4478 filios
1224 4397 1402 4484 profectos
1424 4417 1512 4478 esse,
1540 4393 1675 4460 Astiis
1696 4406 1730 4463 et
1750 4397 1978 4472 Macerones

153 4515 328 4582 Anubidis
342 4519 436 4604 pelis
458 4523 592 4596 conisa,
613 4499 796 4583 Macedoni
812 4535 859 4581 ea
875 4517 948 4602 ispi
964 4523 1054 4582 corio
1074 4525 1293 4601 tegumentum
1313 4524 1399 4612 crat.
1428 4514 1623 4580 Astociosit
1640 4517 1739 4579 etiust
1753 4515 1849 4582 Porto
1863 4537 1979 4586 esses

155 4649 237 4694 srtoe
257 4636 469 4720 expeditioni.
502 4631 592 4698 Huic
614 4632 790 4714 Obsessis,
820 4651 878 4698 sets
904 4632 1092 4720 Panopolis
1114 4639 1369 4698 certauerant.
1412 4629 1486 4706 Quo
1505 4629 1576 4696 loco
1599 4629 1703 4696 Osiris
1723 4631 1778 4716 Θ,
1803 4632 1928 4702 Anubis
1946 4649 1979 4702 et
2094 4671 2097 4678 ,

154 4743 288 4812 Macedo
318 4750 339 4817 a
367 4749 560 4839 sgoificant,
581 4762 650 4816 tum
669 4753 872 4832 matutinum,
895 4762 964 4816 tum
984 4751 1215 4836 vespertinum.
1257 4744 1343 4811 Nem
1369 4745 1391 4812 i!
1419 4758 1452 4811 et
1471 4749 1570 4829 canis,
1589 4747 1729 4834 otlapus
1742 4753 1835 4820 seed.
1866 4751 1980 4816 Frater

154 4860 292 4934 Osiridis
313 4888 378 4934 noo
399 4869 546 4934 differta
570 4864 591 4936 ll
614 4867 732 4952 quippe
755 4866 839 4930 lauri
861 4869 1041 4931 innectere.
1072 4862 1248 4950 Expeditio
1272 4859 1411 4926 Osiridis
1433 4875 1482 4927 est
1504 4861 1541 4934 Θ
1560 4863 1713 4930 decursos
1733 4887 1866 4934 annuus.
1908 4866 1979 4934 lam

149 4999 261 5046 comes
281 4983 420 5050 Osiridis
441 4983 522 5048 alter
538 4996 588 5048 est
613 4989 637 5062 ῼ
666 4983 736 5046 siue
753 4982 832 5048 Pan.
874 4981 942 5046 l’an
963 5001 1041 5044 vero
1063 4977 1211 5044 Chemmi
1233 4988 1265 5041 et
1286 4972 1453 5046 Mendacio
1475 4981 1510 5046 io
1531 5003 1627 5046 nomo
1650 4982 1722 5066 (ὲ)
1744 4980 1849 5070 cultus
1870 4983 1896 5066 ῼ
1915 4998 1976 5052 est.

147 5095 280 5182 licapse
300 5113 333 5164 et
351 5101 449 5184 Pani,
472 5113 505 5164 et
524 5099 633 5182 Horo,
661 5111 695 5163 et
721 5107 745 5180 ῼ
773 5097 940 5182 generatio
963 5091 1156 5160 adscribitur
1178 5095 1221 5174 (l.
1244 5094 1571 5174 castellanen.
1594 5095 1660 5166 XI.
1681 5095 1748 5178 10).
1790 5097 1880 5164 Pana
1898 5119 1975 5164 vero

148 5213 269 5280 diserte
289 5229 409 5282 rocem
428 5217 564 5282 Horum.
606 5215 771 5285 Diodorus
791 5214 833 5298 tl.
853 5236 887 5300 p.
896 5212 971 5298 55),
992 5209 1148 5295 Priuptt·
1168 5210 1242 5297 (seo
1265 5211 1387 5298 Peos),
1408 5215 1528 5300 inquit,
1557 5213 1672 5276 dicuat
1693 5209 1828 5278 Hornsa
1871 5213 1975 5297 Inpri·

149 5333 210 5396 mis
232 5329 297 5398 lruc
318 5334 398 5400 facit
422 5333 512 5399 locos
532 5331 752 5419 Inscriptionis
772 5331 970 5400 Rosettaoae
991 5327 1045 5413 (L.
1061 5331 1127 5414 26).
1170 5328 1299 5394 Dicitur
1318 5329 1654 5495 Epiphanesol'atrem
1674 5326 1780 5407 vltus,
1804 5338 1840 5391 vt
1856 5322 1977 5410 Ἕρμης

1545 5435 1566 5492 2
