4904 6100
1183 575 1268 590 --
1328 531 1408 615 152
1463 561 1552 593 —-·

452 752 548 829 caput
564 733 654 804 humi
675 730 783 797 habet.
826 726 865 789 lu
884 723 1018 788 desertis
1039 722 1135 802 vicit,
1154 721 1258 788 hostis
1279 725 1318 806 Θ
1337 737 1370 789 et
1388 729 1411 802 p
1431 737 1464 788 et
1483 723 1626 788 omnium
1651 715 1836 784 animalium
1856 716 1897 802 (Ι.
1914 717 1944 793 i.
1958 720 2012 783 47.
2029 737 2063 804 p.
2074 721 2160 805 59),
2185 735 2225 788 st
2250 724 2276 793 ir

453 857 604 945 Typhon.
645 847 730 912 Hinc
750 845 847 908 etiarn
868 839 1027 905 Eudoxus
1050 837 1135 924 apud
1154 836 1358 905 Athenaeum
1380 840 1456 928 (lx.
1469 861 1502 924 p.
1511 842 1601 916 392.)
1624 836 1732 917 tradit,
1748 833 1925 900 Phoenices
1940 833 2073 900 Herculi
2094 833 2168 920 (Θ),
2190 839 2284 904 cuius

456 981 496 1041 12
519 989 617 1058 opera
639 964 663 1030 l.
678 962 702 1026 l.
724 954 887 1039 describit,
909 954 1091 1020 sacrificare
1114 967 1257 1041 ortygas.
1300 955 1385 1022 Hinc
1405 955 1635 1036 immundities,
1661 947 1688 1019 ἵ)
1714 954 1845 1038 propria
1865 951 1908 1038 (Ι.
1921 955 1954 1030 θ.-
1967 954 2022 1017 47.
2038 954 2158 1037 p.59.),
2180 975 2284 1041 oryge

456 1087 657 1174 exprimitur.
692 1077 783 1164 Ergo
804 1095 901 1160 oryx,
924 1071 978 1138 vel
1000 1085 1110 1156 ortyx,
1136 1083 1162 1148 ῐ)
1189 1068 1380 1155 symbolum,
1403 1081 1439 1152 Θ
1460 1071 1627 1137 aduersari
1640 1068 1826 1155 putabatur.
1858 1068 1903 1133 At
1923 1089 2001 1132 sero
2023 1068 2098 1155 quid
2122 1068 2185 1136 sibi
2200 1071 2282 1154 vult,

456 1192 732 1295 quodllorapollo
752 1191 776 1258 l.
789 1191 813 1256 l.
837 1212 970 1277 orygem
995 1192 1080 1254 inter
1101 1188 1248 1255 volucres
1270 1191 1400 1274 (aspra)
1422 1199 1583 1269 numeret,
1600 1189 1721 1273 pariter
1746 1199 1843 1273 atque
1861 1187 1945 1250 inter
1969 1182 2133 1250 iumental
2155 1185 2284 1252 Scilicet

459 1321 487 1393 a
512 1331 608 1406 atque
638 1308 790 1377 animalia
816 1307 967 1372 Saturnia
988 1304 1048 1370 alis
1072 1293 1268 1371 omabantnr
1293 1302 1392 1385 (Tah.
1406 1305 1470 1372 lX.
1492 1305 1531 1372 C.
1546 1307 1606 1388 7.).
1649 1301 1805 1387 Constat,
1825 1303 2002 1368 Phoenices
2026 1299 2051 1372 i)
2077 1303 2284 1387 potissimam

458 1439 521 1507 alis
539 1430 737 1500 distinxisse.
767 1424 852 1490 Hine
868 1426 975 1488 asinus
995 1424 1066 1504 ipse
1081 1421 1141 1488 alis
1155 1435 1288 1487 ornatus
1305 1435 1375 1486 erat
1394 1423 1546 1507 (Pausan.
1562 1418 1711 1488 Corinth.
1724 1441 1752 1484 c.
1769 1423 1822 1484 ³8.
1836 1418 1997 1486 Aristides
2012 1417 2040 1483 l.
2054 1440 2085 1504 p.
2095 1425 2146 1485 29.
2158 1419 2284 1508 labb),

461 1571 558 1643 atque
576 1554 611 1616 in
632 1544 848 1612 monumentis
869 1538 1047 1620 Bacchicis,
1068 1536 1124 1603 vbi
1145 1537 1180 1608 Θ
1202 1541 1236 1603 in
1258 1538 1532 1624 hemisphaerium
1554 1537 1700 1620 inferius,
1727 1555 1753 1618 ι,
1779 1538 1966 1623 proprium,
1987 1535 2169 1622 ingrediens
2184 1535 2284 1624 lingi-

460 1689 525 1755 tur,
543 1665 662 1735 vitibus
683 1662 837 1749 pascitur.
868 1657 1021 1722 Attamen
1044 1655 1152 1738 credo,
1171 1677 1236 1720 non
1258 1677 1369 1720 veram
1385 1679 1456 1721 esse
1477 1653 1750 1733 honorationem,
1772 1651 1814 1718 oh
1836 1669 1932 1741 qnam
1952 1652 2131 1750 Horapollo
2150 1673 2285 1739 orygem

458 1783 643 1856 volucribus
669 1781 765 1844 etiam
793 1786 994 1840 annumerat.
1037 1769 1196 1836 Nimirum
1218 1792 1303 1855 oryx
1330 1772 1385 1837 vel
1412 1787 1512 1860 ortyx
1535 1769 1696 1860 significat
1715 1789 1843 1857 qnoque
1873 1771 2082 1836 coturnicem.
2124 1768 2286 1835 Coturnix
2382 1817 2386 1827 ,

458 1927 537 1974 vero
560 1903 639 1966 item
664 1893 918 1979 tr‘symbolum,
949 1909 984 1980 Θ
1007 1889 1110 1952 hostis
1137 1888 1321 1973 putabatur.
1363 1889 1451 1955 Hinc
1471 1889 1631 1957 Hercules
1650 1888 1838 1954 interiectus
1860 1885 1910 1970 (Θ
1933 1888 1968 1950 in
1991 1885 2130 1952 solstitio
2152 1884 2286 1952 hiberno

461 2015 666 2116 mpppessus)
689 2011 864 2089 reuiuiscit,
886 2019 1056 2094 postquam
1070 2003 1180 2070 Iolaus
1203 2005 1256 2088 (1))
1276 2008 1307 2070 ei
1328 2019 1476 2093 ortygem
1496 2005 1657 2073 obtulerat
1679 2017 1712 2070 et
1735 2001 1948 2068 olfaciendum
1967 2001 2163 2089 praebuerat
2183 2005 2288 2090 (repor-

441 2153 638 2224 ·ιιεγιιαιτος
658 2127 773 2214 dpsuyo
792 2150 845 2190 sor
859 2145 1112 2207 npoouycryorsoc
1132 2119 1336 2208 ὄσφραθιιτα
1346 2121 1545 2210 duodenem),
1564 2137 1602 2189 ιι
1618 2121 1778 2188 Eudoxus
1792 2132 1905 2184 ιιιιιιιιι
1916 2117 2049 2207 (Athen.
2065 2119 2130 2186 [Χ.
2145 2120 2286 2205 p.³92.).

461 2255 548 2322 Hinc
568 2247 720 2316 coturnix
739 2233 904 2328 Μεοιωι)
927 2235 1076 2344 iemps,
1103 2236 1322 2323 ὀρτυγιμηιρα
1340 2253 1492 2321 vocatur,
1525 2247 1632 2302 nsoter
1657 2242 1758 2304 veris.
1801 2235 1910 2303 Radix
1939 2240 2025 2302 enim
2045 2251 2184 2304 nonest
2210 2257 2287 2343 irps,
2403 2295 2406 2302 .

463 2385 499 2438 ιι
520 2365 604 2434 falso
625 2366 659 2429 in
679 2359 796 2424 lexicis
818 2356 962 2437 docetur,
985 2354 1040 2419 sed
1063 2373 1387 2462 nnpr‚mpr,131pr‚
1412 2377 1488 2438 ver,
1511 2376 1639 2421 sorem.
1683 2354 1753 2420 Ver
1771 2356 1857 2418 euim
1877 2355 2026 2440 incipite
2054 2361 2105 2438 z,
2131 2358 2157 2426 ῐ)
2183 2356 2289 2433 domo,

462 2507 546 2577 quae
561 2497 647 2548 recte
660 2479 736 2544 hinc
755 2477 842 2540 reris
857 2475 1062 2561 progenitrix
1083 2470 1275 2557 appellatur.
1312 2452 1399 2539 ¹Hinc
1416 2472 1625 2561 prouerbium
1640 2473 1855 2538 Graecorum:
1876 2471 1970 2558 ὀριιξ
1992 2475 2109 2542 ἔσωσεν
2123 2470 2287 2562 ‘Hpnrlpr

462 2629 519 2671 scr
533 2620 683 2684 euprepes
705 2592 872 2678 (Bochart.
885 2588 1164 2672 llieros.ll.99.).
1190 2588 1356 2676 Denique,
1378 2590 1462 2678 quod
1485 2612 1644 2656 summum
1665 2605 1726 2675 est,
1748 2587 1906 2656 vocabula
1927 2612 2014 2676 oryx
2034 2604 2071 2656 et
2085 2605 2183 2675 ortyx
2204 2591 2287 2658 idem

461 2718 524 2788 sihi
544 2711 670 2794 volunt,
693 2723 789 2796 atque
804 2711 913 2774 omnia
927 2706 1080 2772 animalia
1100 2720 1127 2788 t,
1147 2707 1280 2793 propria
1299 2721 1333 2772 et
1347 2729 1440 2774 sacre
1455 2705 1652 2794 significant.
1695 2705 1904 2771 Descendunt
1925 2705 2072 2773 animab
2094 2726 2287 2813 (ορ-Μαι),

463 2849 685 2941 (upa-gum,
706 2825 821 2890 Horas
836 2830 986 2918 periers,
1008 2845 1067 2889 seu
1080 2822 1171 2888 Hori
1179 2822 1339 2907 perditio.
1382 2824 1465 2889 Hori
1483 2822 1545 2910 (Θ)
1569 2819 1676 2890 autem
1692 2825 1831 2912 perditio
1848 2836 1899 2890 eat
1916 2825 2089 2892 solstitium
2108 2825 2289 2922 hibernmn,

464 2975 522 3020 „u
550 2955 600 3028 z,
624 2943 821 3008 domicilium
845 2945 886 3013 a.
929 2941 1042 3027 ltaque
1062 2941 1125 3006 hoc
1145 2943 1255 3027 orygis
1275 2953 1309 3005 et
1327 2943 1449 3028 ortygia
1467 2944 1595 3008 nomine
1617 2965 1696 3009 seue
1717 2943 1858 3030 antilope
1881 2943 2053 3029 quaedem,
2078 2958 2115 3010 ιι
2133 2943 2290 3010 Aelianus

463 3067 545 3148 vult,
568 3075 601 3127 et
620 3079 741 3143 onager
765 3056 820 3121 vel
841 3057 961 3136 asinus,
982 3071 1019 3119 ιι
1040 3056 1219 3143 Horapollo
1240 3071 1367 3139 censet,
1386 3071 1419 3122 et
1440 3063 1602 3143 coturnix,
1624 3074 1661 3125 ιι
1681 3059 1942 3148 vulgo-putatur,
1964 3063 2105 3146 exprimi
2125 3073 2287 3146 poterant,

465 3186 584 3274 quippe
607 3173 757 3242 animalia
780 3175 884 3239 noxia
905 3183 938 3238 et
959 3175 1104 3238 maxime
1129 3185 1155 3257 τ,
1181 3193 1290 3255 sacre,
1319 3189 1356 3260 Θ
1378 3174 1575 3243 aduersaria.
1617 3178 1776 3244 Erramnt
1804 3198 1900 3265 ergo,
1932 3178 1986 3263 qui
2010 3189 2124 3242 contra
2142 3179 2290 3245 codicum

467 3296 692 3368 auctoritatem
710 3294 812 3356 variis
833 3293 867 3355 in
888 3288 969 3354 locis
989 3309 1049 3374 pro
1071 3288 1146 3376 ὄριξ
1170 3311 1255 3354 nunc
1276 3287 1389 3374 ὄρτυξ,
1418 3314 1477 3378 pro
1500 3293 1595 3380 ὄρτυξ
1616 3315 1701 3361 nuuc
1722 3295 1797 3381 ὀρυξ
1818 3296 1983 3384 legerunt,
2011 3309 2048 3361 ιι
2067 3293 2288 3380 Jahlonsltius,

465 3416 652 3485 Κιοιιιιιιιι
675 3405 803 3494 aliique.

549 3524 735 3604 Panthera,
756 3527 903 3606 παιθηρ,
924 3529 946 3600 2
969 3520 1159 3606 symbolum.
1202 3519 1480 3598 Quemadmodum
1501 3531 1639 3615 panther
1660 3537 1694 3597 in
1715 3534 1932 3597 monumentis
1951 3529 2135 3617 Bacchicis,
2155 3536 2203 3598 ita
2223 3536 2290 3599 eius

466 3645 561 3738 pellis
584 3645 618 3708 in
640 3637 991 3726 repraesentationibus
1014 3638 1154 3704 Osiridis
1180 3643 1349 3725 reperitur.
1393 3643 1539 3733 Vterque
1567 3649 1652 3716 dens·
1667 3645 1703 3718 Θ
1730 3649 1764 3712 iu
1792 3661 1853 3732 ὲ,
1887 3667 1947 3716 ιιι
1970 3651 2005 3713 iu
2027 3651 2174 3716 autumni
2199 3654 2290 3739 signa

465 3760 698 3851 ingredientem
721 3755 904 3843 signifieat..
936 3753 1212 3832 Quemadmodum
1233 3779 1313 3824 vero
1336 3737 1490 3830 attributa
1510 3763 1647 3832 Bacchi:
1675 3763 1811 3842 hedera,
1832 3786 1953 3831 cornua
1970 3766 2069 3849 hirei,
2092 3764 2194 3847 melu,
2217 3770 2291 3832 vitis

468 3895 501 3947 et
525 3877 607 3950 alias
628 3875 676 3938 itu
698 3886 731 3938 et
744 3872 901 3960 panthera
920 3875 956 3958 ῼ,
980 3872 1142 3937 dominum
1157 3886 1211 3956 ὲ,
1234 3877 1427 3962 significant,
1451 3881 1491 3958 de
1513 3903 1575 3969 quo
1597 3903 1696 3970 supra
1716 3884 1820 3949 insius
1840 3882 1888 3972 (r.
1905 3879 2024 3968 lepus).
2054 3881 2159 3964 Adde,
2182 3883 2287 3966 felem,

468 4018 550 4086 quea
574 3997 599 4078 2
623 4011 732 4068 sacra,
756 4002 788 4054 et
809 3989 966 4076 panthera
986 3990 1131 4056 eiusdem
1153 3998 1282 4079 generis
1304 4017 1377 4062 essa
1399 3997 1560 4065 animalia.
1604 3997 1756 4065 Ceterum
1779 3999 1960 4065 Panthema
1985 3999 2065 4066 odor
2083 4001 2292 4066 suauissimus

468 4109 659 4184 adscribitur
680 4105 823 4193 (Aelian.
839 4105 883 4171 V.
897 4107 967 4190 40.)
977 4156 988 4187 ,
1010 4108 1096 4193 quod
1117 4131 1286 4178 commune
1305 4112 1406 4180 habet
1427 4137 1500 4180 cum
1526 4123 1550 4196 ῼ
1577 4115 1708 4203 planeta
1730 4115 1772 4196 (l.
1786 4124 1814 4200 ς.
1830 4119 1882 4182 tt.
1898 4138 1932 4202 p.
1947 4115 2026 4200 64.)
2067 4115 2142 4182 Huc
2161 4117 2292 4201 accedit,

469 4229 553 4319 quod
579 4229 614 4292 iu
633 4221 774 4289 Zodiaco
796 4222 907 4288 Indico
935 4221 1121 4306 (Transeat.
1135 4227 1172 4290 ol
1183 4227 1238 4293 the
1250 4227 1291 4296 li.
1305 4229 1364 4296 As.
1379 4231 1454 4297 Soc.
1468 4231 1546 4298 Vol.
1561 4233 1622 4300 111.
1639 4234 1675 4300 P.
1690 4233 1719 4299 L
1734 4232 1818 4299 l'ab.
1836 4234 1885 4318 ι.)
1906 4236 2061 4299 stationes
2084 4239 2111 4310 J
2136 4235 2157 4296 3
2177 4246 2212 4296 et
2237 4241 2291 4316 ιθ,

467 4345 582 4438 quibus
603 4345 626 4425 2
648 4353 787 4427 praeest,
807 4339 967 4428 panthera
989 4343 1222 4426 exprimuntur.

553 4457 767 4540 Rhinoceros,
790 4455 956 4545 ῥιιοκιρως
978 4455 1016 4541 tt,
1037 4461 1170 4545 eiusque
1190 4482 1290 4526 cornu
1310 4466 1339 4540 ἃ
1359 4462 1539 4552 designare·
1551 4467 1711 4533 videntur.
1751 4463 1845 4532 Haec
1865 4468 1950 4531 euim
1973 4485 2018 4528 ex
2038 4483 2078 4528 eo
2099 4464 2296 4534 concludere

468 4579 562 4653 aar,
595 4595 676 4660 q...
698 4571 738 4637 a.
765 4571 828 4637 a..
855 4573 986 4640 ..rurus
1005 4574 1161 4642 aaran..
1184 4575 1312 4664 (xva
1326 4579 1395 4664 ιι.)
1417 4594 1537 4647 umet.
1578 4563 1733 4649 runc..
1754 4581 1917 4670 crepuere
1937 4579 2004 4666 (a)
2026 4594 2077 4646 ar
2097 4579 2297 4652 nmen..

470 4709 496 4781 g
517 4703 613 4777 atque
635 4709 733 4752 cornu
754 4689 893 4755 lerreum
913 4695 940 4771 ἃ
960 4696 1075 4760 innuit.

492 4816 495 4821 ’
555 4801 685 4885 Simius,
712 4799 825 4885 Siscia,
845 4815 991 4893 πιθηκος,
1011 4831 1076 4901 teg,
1099 4815 1123 4898 ξ
1143 4808 1314 4898 significat.
1347 4809 1515 4902 Astrologi
1534 4817 1598 4902 ipsi
1617 4817 1659 4901 (1.
1674 4821 1706 4896 fi.
1722 4819 1775 4884 52.-
1790 4840 1823 4904 p.
1838 4815 1906 4892 66.)
1928 4825 2098 4896 testantur,
2119 4816 2292 4891 simiursb
2437 4849 2438 4852 ¹

468 4924 620 5014 planetae
640 4941 767 4988 sacrum
790 4941 871 4988 esse.
911 4924 1025 5014 Neque
1046 4931 1107 4996 hoo
1128 4932 1253 4996 mirum.
1297 4926 1574 5005 Quemadmodum
1598 4936 1683 5000 enim
1708 4933 1729 5004 li
1757 4935 1902 5000 imitetur
1920 4929 2042 5013 Solem,
2061 4933 2110 4995 ita
2130 4944 2164 4996 et
2184 4935 2298 5000 simius

468 5053 651 5128 patronum.
693 5040 859 5107 l’lanetem
893 5051 915 5123 lt
947 5041 1137 5134 plerumque
1164 5068 1230 5112 non
1256 5045 1342 5112 vltra
1370 5053 1430 5114 16ο
1461 5049 1579 5116 aSole
1600 5050 1768 5133 remdere,
1796 5052 1877 5115 satis
1898 5059 2035 5116 constat.
2076 5045 2167 5112 Hinc
2183 5052 2298 5116 simius
2437 5053 2438 5088 ff

471 5155 557 5244 ⁸Pu‘l
570 5155 748 5244 A⁰ssll¹²l⁰⁸
768 5157 932 5226 dicebatur
951 5158 993 5226 ΕΙ)
1013 5161 1183 5244 ῑωὶῐθΰᾶθι
1200 5181 1278 5256 οιιι,
1300 5167 1488 5246 πἀἰὶιῖιιιὶι,
1504 5172 1658 5233 murm.
1698 5167 1785 5232 Hinc
1805 5180 1840 5231 et
1860 5170 1949 5233 cauis
1964 5164 2121 5252 pmprius
2149 5165 2186 5247 li,
2206 5166 2298 5249 quis,
2437 5155 2438 5160 ’

469 5289 506 5342 ιι
524 5273 716 5341 Plutarchus
736 5274 794 5362 (Is.
810 5275 900 5359 355.)
921 5275 1039 5352 refert,
1068 5277 1104 5340 iu
1126 5297 1165 5340 eo
1192 5291 1263 5343 erat
1283 5280 1480 5348 custodiendi
1505 5297 1539 5348 et
1567 5275 1724 5370 vigilandi
1751 5283 1905 5350 studium.
1949 5281 2101 5349 Vidimus
2125 5293 2233 5346 ιιιιιοιιι
2256 5283 2300 5349 ds
