4882 6098
869 485 1237 570 ...383-

137 687 275 764 rane'es
302 689 358 744 ent
378 686 538 742 contexta
558 687 616 742 ant
634 673 679 740 ab
696 677 776 764 ipn'r
797 673 963 744 suatur
982 675 1199 766 explicentur.
1228 673 1436 744 Trnliiimur
1453 679 1540 744 enirn
1558 677 1743 770 mtelognm
1762 681 1978 767 symbolorum

140 798 430 866 uuouomicornrn
453 791 651 860 uberrimum
672 792 839 862 eGreacir
860 807 893 860 et
911 793 1064 863 Romanis
1081 797 1274 862 astronomis
1287 795 1468 862 lesnmtnm
1490 795 1543 877 (Ρ.
1555 795 1597 862 lt.
1614 797 1643 874 i.
1654 802 1709 864 rt.
1722 821 1824 887 usquo
1839 801 1880 868 etl
1897 807 1981 890 22.)

138 918 332 997 Praeterea,
363 933 462 998 quan
483 913 706 998 antiquissima
725 911 960 1000 Aegyptiorum
982 927 1016 980 nt
1038 911 1237 978 Graecorum
1259 911 1461 1000 mythologie
1483 917 1717 1000 astronomiae,
1738 929 1775 982 vt
1794 917 1982 989 Herodotus

140 1031 254 1119 sliiqne
284 1029 436 1112 tmdnat,
473 1028 588 1094 esiam
616 1030 734 1106 inerite
770 1053 1003 1120 anapauomero
1032 1027 1179 1116 symbola
1201 1027 1437 1117 Aegyptiorum
1466 1036 1683 1102 astronomiae
1705 1055 1751 1100 ex
1773 1035 1975 1126 mythologie

139 1147 273 1233 Graeca,
300 1150 423 1236 quippo
443 1143 617 1232 symbolice
639 1150 807 1216 nursinum
829 1148 965 1228 Graeca,
985 1160 1231 1242 cognoscuntqr.

1146 1307 1296 1318 -ι-σ-..ι-

1041 1434 1096 1518 ll.

308 1578 542 1678 Frequentior
565 1551 892 1656 monumentorum
911 1577 1251 1656 astrormmr'comtm
1278 1577 1514 1680 Aegyptiace
1534 1579 1813 1682 desumptorum

533 1713 541 1730 '
880 1772 910 1786 ,,
967 1701 1148 1774 montino.

228 1862 336 1942 Quum
358 1868 422 1930 iarn
444 1878 568 1932 amator
589 1865 631 1931 de
653 1880 771 1935 uetare
794 1867 985 1953 scriptorum
1008 1870 1313 1944 astronomicarum
1337 1887 1499 1956 quumque
1517 1881 1646 1933 veteres
1661 1871 1724 1956 ipsi
1744 1870 1885 1953 tradant,
1906 1873 1977 1958 qui-

135 1979 203 2046 bns
226 1985 440 2050 monumentis
463 1983 618 2070 Aegyptii
639 1999 810 2066 astrorum,
835 1998 872 2050 vt
892 1987 1051 2074 inquiunt,
1075 1986 1203 2054 decreta
1223 1989 1443 2074 inscripserint
1465 1985 1513 2071 (Ρ.
1530 1983 1558 2050 l.
1581 1986 1613 2061 b.
1628 1987 1694 2068 l.):
1729 1985 1824 2052 lacile
1845 1988 1908 2054 erit
1927 1990 1977 2054 in·

135 2097 260 2179 dicere,
282 2121 364 2188 quae
384 2115 592 2168 monomenta
613 2103 812 2189 antiquitatis
827 2101 1048 2190 Aegyptiacae
1070 2105 1215 2171 literaria
1234 2081 1423 2193 mgrlmento
1447 2103 1511 2169 sint
1533 2105 1759 2186 astronomica,
1782 2119 1921 2192 quotque
1942 2107 1976 2170 in

135 2219 326 2283 ruinersnru
353 2221 529 2284 etiamnum
557 2223 711 2285 existant.
755 2219 877 2306 Vtique
904 2223 1095 2288 innumerae
1123 2223 1194 2288 lere
1223 2223 1455 2310 Aegyptiorum
1479 2219 1727 2314 moerentium-
1746 2225 1984 2288 astronomicae

132 2337 309 2420 partimin
330 2335 499 2422 Aegypto,
527 2339 701 2424 partimin
724 2340 888 2404 variarum
911 2349 1068 2405 terrerum
1090 2339 1214 2406 Museis
1244 2339 1285 2404 etl
1307 2353 1451 2406 nostram
1473 2359 1576 2426 usque
1603 2353 1743 2406 amntem
1769 2351 1981 2406 eonnrusteo

133 2465 224 2516 runt.
269 2450 363 2530 Quod
393 2457 478 2538 enirn
500 2455 684 2544 Aegyptum
714 2455 818 2540 ipram
847 2458 979 2539 attinet,
1008 2471 1216 2542 monumenta
1239 2458 1358 2545 ubique
1379 2457 1477 2523 obuia
1497 2475 1615 2542 magna
1638 2479 1683 2522 ex
1705 2473 1798 2544 perte
1820 2457 1979 2543 descripta

133 2583 213 2634 snut
233 2574 332 2636 variis
354 2575 517 2637 viatorum
538 2571 708 2660 operibus,
732 2571 773 2636 de
795 2571 912 2661 quibas
934 2577 1103 2640 nominare
1122 2575 1196 2640 lieet
1217 2573 1484 2662 Descriptiones
1502 2547 1653 2660 Aeg-qipa·
1671 2575 1870 2656 Parisinus,
1892 2571 1981 2638 sera

132 2692 231 2752 tonsi
248 2698 284 2753 et
306 2688 522 2754 Williseonie
541 2697 703 2780 excerpta
721 2687 980 2778 hieroglyphice,
1012 2691 1161 2776 Youngir'
1178 2689 1446 2779 Iliereglypitce,
1467 2693 1633 2756 itineraria
1649 2689 1876 2772 Berclhardi,
1893 2687 1979 2754 Nie-

130 2799 265 2887 bein'r‘,
291 2805 460 2886 l'oeociii,
485 2805 670 2889 Coillusrir',
693 2805 915 2894 Hamiltonir,
942 2809 1054 2888 Gauii,
1080 2807 1241 2886 Belzonii,
1263 2807 1449 2887 Misutolir‘,
1472 2801 1672 2895 aliorumque
1692 2807 1880 2874 mulmrurn.
1924 2803 1978 2872 tt·

129 2920 272 3010 reliquie
294 2927 510 2990 monumentis
532 2926 758 2999 nrtsouomicis
781 2926 815 3006 ln
838 2929 1002 3008 veneram
1029 2935 1187 2992 terrerum
1214 2923 1340 2991 blaseio
1362 2926 1563 2994 conseruatis
1588 2925 1812 3014 praesentibus
1835 2923 1979 2990 tutum·

127 3038 226 3107 linet.
273 3040 343 3106 lam
367 3042 407 3106 tle
428 3039 575 3130 singulis.
746 3127 750 3134 Ι

228 3159 303 3223 llue
322 3172 465 3244 spectant
486 3173 560 3226 ente
579 3161 687 3226 omnia
701 3157 834 3248 templa,
851 3157 971 3248 palatin
991 3151 1117 3247 absque
1134 3158 1281 3225 aedilicia
1299 3155 1431 3248 publica
1450 3178 1625 3247 eorumque
1640 3163 1782 3249 parietes
1801 3182 1859 3246 per
1876 3173 1977 3226 totam

126 3276 329 3363 Aegyptum
355 3275 461 3342 adhue
491 3280 663 3344 exstantia.
717 3277 843 3346 Horum
873 3281 959 3344 enim
989 3281 1022 3344 in
1050 3275 1268 3344 aedificiorum
1298 3277 1477 3364 perietibus
1503 3278 1685 3366 descriptae
1712 3293 1787 3346 runt
1816 3291 1977 3344 utrorum

126 3393 423 3476 constellationes,
452 3415 536 3460 neno
561 3394 728 3482 singulae,
757 3397 897 3484 quaein
917 3393 1094 3462 minoribus
1115 3396 1250 3462 eedibns
1269 3393 1376 3461 locum
1406 3394 1546 3472 habeon
1575 3418 1659 3463 nunc
1680 3393 1809 3484 plures,
1840 3417 1923 3483 quae
1943 3397 1977 3458 ie

123 3511 313 3579 maioribus
344 3531 520 3598 sonumque
539 3513 703 3598 partibus,
731 3517 880 3600 prensis,
913 3517 1119 3596 sanctuariis,
1149 3513 1439 3598 adstructlonilrne,
1468 3515 1603 3604 aliisque
1624 3519 1762 3580 cerneris
1791 3525 1975 3579 cernuntur.

126 3629 218 3706 Qua
237 3632 359 3694 retione
388 3632 473 3693 enim
494 3631 683 3716 monolitbi,
707 3633 761 3718 qui
784 3643 858 3696 snut
881 3629 1071 3716 templorum
1094 3635 1222 3718 protypi
1244 3646 1300 3697 ant
1320 3635 1534 3710 imitationem
1575 3633 1686 3697 eadem
1711 3629 1831 3714 templa
1850 3627 1976 3712 absque

125 3745 292 3814 aedificia
319 3765 409 3810 sacre
429 3749 585 3833 inscripta
614 3761 706 3825 snut,
741 3761 777 3812 vt
798 3747 1031 3812 delineetienes
1054 3768 1165 3812 eorum
1194 3747 1226 3812 in
1251 3747 1344 3814 ‹lictis
1364 3749 1518 3834 'operibus
1548 3747 1716 3813 exhibitori
1746 3745 1975 3809 demonstrent.

124 3863 326 3933 Dolenrlnm
347 3885 436 3946 saue,
458 3863 598 3950 plurime
617 3877 765 3930 veterum
787 3865 1019 3952 Aegyptiorum
1041 3865 1161 3953 temple
1181 3885 1267 3930 nunc
1289 3865 1370 3928 arlen
1393 3867 1551 3929 annuisse
1573 3875 1629 3927 eut
1648 3862 1811 3928 destructa
1834 3885 1916 3943 esse,
1939 3875 1976 3926 vt

127 3985 174 4048 tle
210 3979 393 4070 perietibus
421 4003 506 4049 nunc
531 3997 642 4068 partes
665 3997 790 4048 tanturn
812 3984 1000 4066 inferiores,
1031 4003 1114 4050 nnnc
1140 3981 1350 4046 laniamenta
1379 3978 1580 4046 selummodo
1607 3983 1781 4070 supersint.
1824 3981 1869 4047 At
1896 3980 1976 4046 heac

127 4120 268 4189 qnoque
288 4100 473 4185 l’regrneuta
497 4119 594 4188 saepe
616 4121 751 4166 numero
771 4101 942 4181 utilissima
962 4115 1047 4166 ruat.
1090 4097 1199 4173 Quum
1223 4099 1307 4161 eninr
1330 4095 1384 4160 vol
1405 4099 1503 4163 vuius
1523 4098 1673 4184 planetes
1699 4097 1882 4164 obseruatio
1900 4120 1973 4164 con·

127 4230 271 4284 seruate
293 4219 354 4298 sit,
379 4219 471 4301 intio,
494 4217 747 4304 suffragantibus
772 4217 845 4283 aliis
866 4216 1127 4304 inscriptionibus
1148 4228 1181 4279 et
1205 4215 1361 4299 dynastiis
1383 4213 1660 4298 Manethoniouis,
1691 4215 1815 4300 epoche
1837 4217 1975 4280 auctoris

128 4336 340 4402 monumenti
362 4337 432 4398 emi
452 4349 572 4420 potest.
615 4337 678 4402 Hir
699 4333 856 4402 aediliciis
870 4334 1108 4400 adnumeranda
1125 4351 1199 4398 sunt
1220 4331 1341 4398 sacella
1359 4331 1469 4420 lignee
1482 4335 1515 4400 in
1536 4336 1636 4398 seriis
1651 4329 1777 4398 Musas
1796 4345 1973 4410 meream,

125 4454 263 4540 quippe
284 4453 480 4516 imitationes
501 4453 693 4540 ternplornm
715 4437 887 4519 summum.

228 4567 378 4632 Eiusdem
400 4583 537 4634 naturas
558 4580 633 4634 sunt
655 4571 796 4637 obelisci.
840 4569 924 4637 Nem
949 4573 983 4636 in
1004 4581 1143 4658 quatuor
1165 4567 1321 4634 lateribus
1340 4567 1569 4646 obeliscorum,
1590 4567 1737 4630 maxime
1755 4562 1902 4651 pertilm
1920 4585 1974 4631 aa·

123 4682 322 4772 purioribus
343 4700 378 4750 et
397 4685 617 4764 iuferiorIbus,
629 4684 831 4771 planetarum
846 4687 918 4754 loce
941 4703 1029 4754 certo
1045 4689 1182 4776 qnotlem
1203 4701 1346 4770 tempore
1362 4683 1536 4750 obseruate
1557 4685 1796 4769 exprimuntur·⁴
1840 4681 1975 4749 Constat

122 4821 219 4868 vero
249 4821 315 4866 noo
345 4802 450 4869 solum
476 4807 510 4870 in
532 4805 689 4890 'Aegypto
719 4805 906 4889 permultos
924 4806 1083 4873 obeliscos
1110 4817 1260 4884 exstare,
1298 4800 1354 4866 sad
1385 4803 1482 4866 etiarn
1509 4799 1597 4866 baud
1624 4823 1744 4888 pennos
1770 4803 1807 4865 iu.
1834 4799 1975 4883 sume,
2091 4891 2096 4902 Ι

122 4917 427 5004 wulternensis,
453 4921 633 4988 Beneuenti
658 4943 762 5009 prope
790 4915 968 5006 Neapolis,
999 4917 1297 5003 Constantinopoli,
1320 4915 1500 5002 Moneolrii,
1530 4919 1686 5002 Parisiis,
1707 4918 1859 4983 bandini.
1901 4913 1974 4980 llus

122 5049 291 5126 spectant
313 5042 413 5104 etiam
433 5042 525 5103 vena
545 5040 724 5124 pyramidis
747 5043 779 5104 in
802 5039 901 5124 uariis
920 5037 1045 5103 blaseio
1065 5051 1265 5101 conseruare.

230 5153 282 5218 De
303 5135 492 5222 monolithi's
512 5175 610 5240 snpra
632 5159 761 5224 (lictum
803 5147 976 5223 lllonolitbi
997 5173 1077 5219 vore
1102 5171 1166 5216 uon
1187 5151 1289 5216 mlum
1316 5154 1351 5216 iu
1371 5151 1519 5237 Aegypto
1542 5153 1646 5218 eihan
1666 5154 1885 5238 reperiuntur,
1917 5145 1973 5210 aad

117 5277 239 5340 etiem
263 5275 296 5338 in
311 5274 450 5352 Museis,
469 5293 604 5360 quornm
619 5281 829 5362 grauissimos
853 5285 903 5342 est
919 5273 1050 5342 Parisiis
1071 5291 1113 5340 ex
1138 5283 1245 5336 aetate
1259 5269 1468 5357 Legitlarum.
1513 5273 1585 5335 lino
1602 5273 1762 5357 pertinent
1783 5259 1974 5347 sarcophagi
