4896 6096
1175 527 1546 608 ...128—

437 732 565 822 quidem
586 727 754 815 planetae,
781 737 817 788 vt
837 721 914 788 bina
927 717 1127 805 singulorum
1150 717 1310 783 domicilia
1331 719 1415 786 intes
1439 738 1475 783 te
1497 718 1634 784 discerni
1653 727 1798 802 possent,
1819 711 1921 777 altero
1942 732 2002 776 sno
2022 713 2055 775 in
2076 711 2170 798 signo
2194 733 2284 776 mas·

438 849 554 930 onlini,
577 844 679 911 altero
700 842 844 908 lentinini
867 835 1092 923 fingebantur,
1113 848 1150 900 vt
1171 833 1300 900 'l'ahnla
1321 836 1349 901 Ι.
1372 837 1581 902 demonstrat.
1625 835 1678 900 Sic
1701 837 1732 900 θ’
1757 845 1807 896 est
1827 828 2025 895 masculinus
2045 830 2079 896 in
2104 842 2160 910 Υ,
2183 829 2285 914 lerni-

440 969 535 1034 ninns
554 965 588 1026 is
614 969 665 1034 111.
706 957 776 1022 lam
794 954 986 1022 accedamus
1007 951 1048 1016 ad
1068 951 1213 1038 singulas
1234 953 1468 1040 Aegyptiorum
1493 951 1582 1018 Dens
1603 952 1644 1015 ad
1662 952 1892 1017 astronomiam
1913 946 2111 1012 referendas.

525 1073 638 1159 Anto,
656 1073 776 1157 Ἀμβω,
802 1071 828 1141 b
857 1069 1030 1158 significat,
1053 1083 1090 1134 vt
1110 1069 1214 1134 insius
1231 1071 1317 1136 inira
1337 1070 1378 1133 ad
1400 1067 1593 1136 'l'itlrrambn
1608 1065 1892 1134 demonstrabitur.
1937 1062 2084 1149 Vtraque
2107 1063 2194 1126 enirn
2209 1061 2284 1127 Dea

442 1211 490 1264 est
511 1195 634 1260 eadem.
941 1176 946 1185 ’

526 1310 665 1390 Asnam,
682 1307 831 1388 Ἀνουκις,
857 1309 883 1378 t,
906 1299 1078 1390 significat.
1121 1301 1290 1385 Legtmtur
1311 1303 1396 1366 enirn
1414 1303 1448 1366 in
1466 1300 1548 1367 stole
1565 1303 1691 1366 Graeca
1708 1299 1828 1364 Bacchi
1848 1300 1883 1362 in
1904 1295 2022 1378 insula,
2038 1297 2123 1382 apud
2143 1301 2284 1382 primam

446 1427 688 1497 Catambactam
706 1425 780 1503 sita,
802 1442 822 1483 a
842 1417 1001 1506 lliippelio
1016 1416 1278 1484 Francosnrtensi
1299 1431 1427 1503 reperta
1449 1417 1626 1498 (Letronne
1640 1416 1738 1483 Bech.
1752 1437 1782 1502 p.
1797 1416 1886 1496 att.)
1906 1413 1987 1478 baec
2008 1413 2125 1480 verba:
2143 1413 2283 1480 ’Arum

445 1573 486 1635 τῃ
507 1571 559 1612 stat
574 1543 679 1630 ’Eorrp
701 1549 762 1604 cet.
783 1541 874 1612 dcccc
892 1536 1049 1620 μεγαλοις.
1092 1535 1181 1622 Ergo
1204 1535 1324 1600 Anncis
1353 1537 1482 1623 magnis
1509 1533 1599 1610 Diis,
1631 1534 1735 1599 idest
1762 1531 1894 1596 Zorliaci
1921 1531 2025 1616 signis
2054 1529 2282 1595 adnumeratur

446 1679 542 1752 atque
564 1679 635 1726 curn
660 1656 762 1721 Vesta
781 1665 996 1739 comparatur.
1040 1652 1148 1717 Etiam
1170 1652 1274 1717 Vesta
1295 1653 1358 1719 diis
1388 1657 1428 1717 12
1453 1652 1579 1737 magnis
1602 1663 1699 1736 atque
1722 1651 1824 1736 signis
1845 1645 2072 1714 Zodiaculibus
2092 1646 2280 1710 adnumera-

447 1797 519 1862 tttr,
541 1792 609 1842 turn
633 1773 717 1859 apud
736 1769 905 1837 Marcilium
927 1768 1030 1848 (Poet.
1044 1788 1077 1852 p.
1090 1772 1196 1850 tta),
1225 1781 1294 1834 tam
1313 1771 1348 1834 in
1368 1770 1585 1834 monumentis
1607 1767 1829 1833 astronomicis
1848 1765 1989 1850 antiquis
2010 1762 2172 1843 (Kreuaer
2193 1763 2282 1848 Sym.

446 1895 531 1963 tao.
545 1888 747 1976 xxxvi).
790 1885 964 1962 Quaeritur
985 1886 1115 1968 itaque,
1145 1903 1239 1970 quern
1261 1885 1356 1951 deum
1378 1887 1646 1967 astronomicum,
1674 1885 1803 1973 quodne
1831 1886 1959 1969 signum
1982 1881 2090 1946 Vesta
2109 1884 2283 1966 exprimat.

447 2010 602 2080 Manilius
623 2005 752 2093 quidam
779 2002 852 2068 loco
874 2004 970 2067 citato
997 2003 1110 2086 incipit
1129 2000 1305 2067 Zodiannm
1327 2025 1348 2066 a
1365 1984 1419 2080 Ϋ,
1453 2009 1493 2068 12
1514 2001 1604 2068 Deos
1623 2023 1707 2068 varo
1726 2023 1746 2066 a
1767 1999 1900 2066 Pallade
1917 2000 1998 2085 (δ’),
2021 2018 2105 2084 qnae
2127 1999 2283 2084 prolecto,

449 2144 486 2198 rt
508 2128 670 2204 vidimus,
697 2120 870 2205 respondet
891 2123 941 2198 δ’,
971 2118 1100 2184 domino
1121 2129 1173 2192 Υ.
1215 2119 1350 2206 Signum
1372 2121 1531 2186 decimum
1550 2132 1700 2186 numerat
1727 2125 1778 2201 z,
1815 2137 1932 2182 numen
1955 2114 2113 2180 dammum
2133 2115 2284 2182 Vestam.

449 2245 538 2331 Ergo
559 2239 677 2320 Vesta,
699 2240 768 2302 sine
788 2235 1076 2318 Hostia-Ananis,
1100 2236 1273 2320 respondet
1300 2243 1350 2317 z,
1372 2241 1464 2304 euius
1485 2238 1634 2302 dominus
1651 2251 1700 2302 cst
1726 2233 1753 2303 b
1777 2235 1951 2301 leminbtus
1978 2229 2075 2316 t'l'ab.
2089 2232 2144 2312 1.).
2185 2233 2285 2298 Porro

449 2369 594 2439 mactat,
620 2354 750 2420 Metitur
779 2354 817 2436 (i.
836 2373 867 2416 e.
889 2351 1040 2437 matrem)
1070 2352 1203 2418 eandem
1230 2367 1423 2440 amantque
1451 2368 1586 2420 matrem
1618 2355 1752 2419 deorum
1779 2351 1924 2434 Rhama,
1953 2371 2023 2417 stne
2047 2348 2203 2426 Vestam,
2235 2349 2286 2416 vcl

450 2473 650 2556 Msr'rstsss,
670 2468 810 2537 Vulcani
831 2467 894 2554 (it)
921 2463 1064 2532 uxorem'
1085 2467 1244 2548 (Macrob.
1259 2469 1329 2536 Sat.
1344 2470 1372 2535 l.
1387 2491 1415 2536 c.
1432 2475 1517 2555 12),
1547 2483 1644 2558 atque
1666 2469 1707 2536 ab
1730 2491 1770 2534 ea
1795 2470 1913 2532 dictum
1935 2467 2036 2532 luisse
2056 2463 2203 2530 Mensem
2224 2466 2286 2532 llo·

451 2610 619 2659 muncrum
640 2586 776 2653 Maium.
826 2583 957 2687 Menses
978 2584 1197 2652 Romanorum
1220 2609 1240 2650 a
1261 2586 1434 2672 Ianuario,
1455 2588 1689 2675 Aegyptiorum
1714 2607 1733 2650 a
1755 2583 1889 2650 'l'hontb
1910 2586 2083 2670 incipiuntt
2123 2583 2288 2669 vtriusqne

452 2730 529 2776 raro
557 2706 699 2774 nationis
727 2721 854 2767 menses
885 2687 1029 2766 ordinem
1056 2703 1221 2790 signorum
1240 2701 1373 2769 zodiaci
1397 2719 1575 2792 sequnntur
1594 2705 1669 2769 inde
1690 2724 1711 2769 a
1734 2717 1792 2788 ιη,
1816 2717 1854 2768 rt
1875 2702 2013 2770 vidimus
2033 2702 2082 2786 (p.
2099 2703 2177 2784 tn).
2218 2697 2285 2764 lam

450 2849 523 2894 onrn
546 2843 674 2891 menses
700 2819 864 2886 Romanos
887 2817 1038 2904 deinceps
1060 2820 1101 2883 ad
1121 2819 1295 2886 zodiacum
1316 2822 1459 2902 celeras,
1495 2825 1614 2888 mensis
1634 2821 1742 2888 Maius
1762 2822 1797 2886 in
1820 2823 1947 2907 signum
1975 2825 2004 2899 z
2033 2817 2158 2884 incidit.
2200 2817 2287 2905 Ergo

452 2945 559 3008 denno
580 2936 747 3026 probatur,
773 2933 908 2998 Vestam
933 2937 1004 2999 sine
1024 2934 1150 3002 Anncin
1172 2937 1212 3001 ad
1238 2940 1371 3019 ,ysius
1395 2940 1420 3006 b
1448 2939 1637 3007 femininum
1657 2937 1860 3020 referendum
1876 2955 1959 3002 esse.
1983 3014 1985 3017 .
2004 2934 2129 3011 Deinde
2149 2937 2289 3020 insignis

454 3057 579 3126 Vestae
598 3067 673 3122 nunt
692 3050 822 3115 habitus
842 3063 1030 3132 matronae,
1060 3050 1186 3137 lampas
1207 3075 1279 3118 cum
1301 3059 1408 3142 capite
1430 3058 1513 3120 asini
1540 3071 1638 3144 atque
1657 3057 1755 3147 ignis.
1796 3053 1886 3142 Ignis
1904 3053 2032 3141 quidem
2057 3051 2202 3116 Volcano
2224 3051 2288 3134 (ir)

455 3175 624 3248 conuenit,
652 3182 823 3235 matronae
847 3164 978 3232 habitus
997 3166 1109 3234 Rheae
1131 3165 1175 3254 (b
1202 3169 1293 3253 fem.)
1321 3171 1454 3237 deornm
1482 3177 1597 3254 matri,
1631 3177 1741 3240 atinus
1768 3191 1845 3238 vero
1869 3169 2018 3258 'l'ypboni
2042 3171 2111 3233 aine
2142 3167 2167 3232 ir
2195 3187 2289 3234 sacer

455 3289 637 3358 habebatur
658 3291 705 3372 (p.
720 3289 801 3366 on).
847 3283 911 3350 Sed
933 3283 1015 3348 haec
1036 3285 1101 3350 iam
1121 3283 1281 3352 sufficiunt
1304 3288 1343 3351 nd
1365 3289 1628 3374 intelligendum,
1658 3291 1786 3358 Anncin
1806 3287 1860 3354 vel
1879 3287 2016 3354 Vestsrn
2035 3281 2220 3372 significare
2247 3296 2289 3369 1),

456 3408 620 3473 dominum
641 3405 726 3490 signi
752 3409 803 3483 z.
845 3398 955 3476 Quum
976 3422 1056 3467 vero
1075 3404 1169 3488 signa
1183 3401 1315 3468 Zothaci
1337 3427 1357 3470 a
1376 3405 1516 3492 planetis
1537 3407 1692 3494 appellati
1711 3408 1848 3487 inerint3
1870 3405 1945 3470 iudo
1964 3405 2182 3489 consequitur,
2201 3405 2290 3470 Aou-

456 3547 515 3593 oen
542 3520 672 3610 quidem
700 3521 837 3607 primum
865 3518 905 3581 ad
939 3520 964 3592 lt
991 3519 1154 3584 dominnm
1190 3526 1240 3600 z,
1278 3519 1353 3586 bino
1382 3544 1460 3588 vero
1494 3527 1535 3589 ad
1561 3542 1588 3607 1,
1616 3524 1779 3613 planetam
1808 3545 1880 3590 esse
1905 3521 2121 3589 referendam.
2163 3520 2290 3610 lleapse

456 3641 618 3710 Diodorus
637 3635 763 3702 Siculus
785 3635 840 3721 (L.
855 3634 883 3700 1.
897 3657 930 3720 p.
946 3640 1011 3715 12.)
1031 3635 1166 3700 Vestam
1188 3639 1272 3702 iuter
1299 3653 1423 3723 septem
1447 3640 1594 3724 Cabirus,
1618 3642 1650 3707 h.
1665 3665 1693 3708 e.
1715 3641 1863 3728 planetas
1885 3651 2042 3704 numerat.
2084 3638 2171 3704 Hinc
2194 3643 2289 3706 etiarn

456 3759 562 3826 Vesta
581 3778 641 3843 pro
663 3756 794 3819 numine
816 3749 962 3830 terribili,
984 3773 1043 3816 ceu
1065 3748 1225 3839 'l'yphone
1247 3752 1312 3840 (ῑι)
1332 3755 1498 3840 feminino,
1518 3758 1698 3826 habebatur
1717 3757 1862 3843 Memphi
1884 3757 2038 3842 (Pausan.
2051 3755 2150 3821 Arch.
2163 3757 2203 3822 L.
2216 3758 2289 3824 Vll.

456 3899 486 3944 c.
501 3883 552 3942 tt.
566 3895 599 3960 p.
616 3873 721 3953 tta),
749 3866 833 3954 quod
854 3866 965 3932 valere
994 3870 1091 3934 etiarn
1115 3869 1243 3934 videtur
1264 3869 1304 3933 de
1328 3879 1357 3950 2
1382 3893 1467 3939 noua
1488 3877 1522 3940 in
1550 3883 1600 3957 z.
1643 3875 1716 3941 Huc
1736 3872 1854 3940 saltem
1892 3886 2021 3960 pectant
2042 3875 2203 3958 primitiae
2225 3876 2289 3940 iro·

458 4013 536 4081 gnm
557 3988 683 4055 Vestae
704 3983 796 4048 velut
818 3982 896 4048 laidi
917 3985 951 4048 in
979 3990 1008 4064 z
1040 3983 1179 4050 oblatae.
1222 3987 1306 4052 llinc
1334 4001 1366 4050 et
1395 3989 1553 4056 infantem
1580 4005 1711 4079 portans
1740 3994 1884 4078 pingitur
1910 3990 2051 4070 utlaio,
2076 3991 2290 4066 materllori,

458 4110 481 4173 i.
499 4129 529 4172 e.
550 4100 761 4170 Nonilnnium
782 4098 817 4160 in
845 4103 875 4179 z
904 4098 964 4184 (V.
978 4099 1099 4168 Albrio.
1116 4101 1236 4194 Gentil.
1252 4101 1408 4192 dolmag.
1425 4104 1526 4175 Dour.
1541 4129 1569 4174 c.
1586 4109 1665 4194 17.).
1708 4107 1783 4174 Hoc
1802 4107 1879 4173 lacit
1899 4129 2015 4173 nornen
2038 4105 2171 4183 Anncis,
2196 4131 2293 4194 qnam

458 4224 624 4291 derinatnr
645 4239 666 4284 a
689 4232 816 4294 mil·
838 4233 959 4308 matti
977 4223 1162 4301 parturire,
1184 4219 1237 4286 vel
1254 4238 1457 4316 'imm-att
1478 4224 1655 4310 adspectat
1673 4233 1699 4304 2
1716 4225 1869 4292 11111ίαί11.
1903 4222 1999 4302 Quod
2019 4224 2177 4308 imagines
2194 4224 2293 4292 huius

460 4339 555 4406 Deae
576 4337 704 4418 attinet,
726 4333 804 4400 licet
825 4335 995 4415 coniicerc,
1019 4355 1102 4418 eam,
1125 4339 1242 4424 quippe
1257 4338 1380 4405 Vestae
1402 4341 1560 4410 etllheaa
1581 4341 1720 4424 affinem,
1735 4344 1841 4429 specio
1862 4355 2028 4408 matronae
2049 4359 2119 4405 oum
2141 4344 2294 4408 mammis

459 4451 608 4542 pendulis
629 4446 762 4539 (Ensab.
778 4449 815 4514 Ρ.
830 4448 870 4515 E.
885 4448 947 4516 111.
959 4449 1048 4537 109.)
1074 4472 1263 4538 expressam
1283 4454 1395 4523 luisse.

545 4567 628 4649 Arc,
644 4565 739 4646 Ἀσω,
764 4558 792 4628 ἲ)
818 4567 954 4632 attinere
976 4566 1115 4633 videtur.
1156 4565 1278 4634 Narrat
1299 4575 1385 4637 enim
1399 4559 1590 4640 Plutarchus
1609 4575 1667 4658 (ls.
1682 4579 1784 4660 tto),
1806 4577 1953 4662 reginam
1965 4570 2171 4656 Aethiopiae,
2196 4597 2295 4660 quam

461 4684 548 4752 inira
567 4694 699 4748 uentum
719 4681 897 4748 austrinum
918 4704 964 4749 ex
979 4682 1154 4771 Aethiopia
1174 4683 1306 4756 flantem
1326 4692 1566 4778 interpretatur,
1593 4688 1745 4780 Typhoni
1767 4713 1861 4778 opem
1885 4692 1997 4758 tulisse
2016 4692 2050 4754 in
2066 4687 2197 4755 Osiride
2218 4713 2297 4778 snp-

461 4797 640 4892 prinrendo.
684 4792 794 4872 Quum
813 4796 848 4860 in
869 4795 988 4864 linibus
1007 4799 1202 4889 Aethiopiae
1223 4801 1381 4871 habeatnr
1401 4807 1530 4894 signnm
1556 4819 1582 4883 tt
1609 4808 1731 4876 scilicet
1753 4827 1810 4890 az,
1831 4827 1992 4895 quumque
2005 4805 2145 4893 Typhon
2166 4809 2296 4894 signnm

467 4925 498 5003 ἦ
527 4911 704 5004 significem
726 4921 818 4998 puto,
840 4909 921 4994 Aso,
944 4915 1063 4984 nciam
1087 4916 1267 5007 Typhonis,
1286 4925 1417 5012 proprie
1438 4925 1567 5010 signum
1588 4944 1633 4994 ast
1655 4927 1852 5013 exprimere,
1873 4923 1961 5012 qnod
1983 4925 2103 5010 qnippe
2125 4921 2296 4990 hibernum

460 5037 582 5126 pariter
604 5040 702 5120 atque
732 5035 762 5108 z
793 5024 872 5092 tacit
893 5027 934 5092 ad
956 5031 1023 5096 nim
1043 5031 1078 5104 Θ
1099 5035 1320 5124 frangendam.
1364 5038 1463 5107 Certa
1483 5039 1540 5106 illa
1561 5043 1653 5128 regio
1682 5035 1707 5102 b
1732 5039 1880 5106 subiecta
1901 5052 1988 5118 erat,
2017 5037 2102 5102 vnde
2125 5053 2159 5104 ct
2180 5056 2298 5108 ventus

461 5149 632 5220 Samnitas
657 5143 712 5212 rel
737 5140 944 5230 Typhonius,
978 5147 1070 5214 acsi
1099 5150 1185 5216 dicas
1213 5151 1385 5242 Aedriops,
1405 5151 1528 5246 ὲσωο,
1557 5155 1625 5222 Aeo
1655 5156 1716 5222 <lici
1743 5169 1881 5244 poterut.
1924 5151 2066 5222 Fucilino
2096 5166 2205 5223 tumen
2224 5157 2298 5222 Aeo
2433 5207 2434 5222 .

462 5269 626 5338 deriuctnr
645 5259 687 5328 ttb
708 5279 817 5360 εφω,
835 5285 969 5350 porcus,
991 5281 1047 5351 qni
1072 5267 1099 5338 i)
1124 5287 1215 5334 sacer
1238 5283 1319 5335 erat.
2433 5263 2434 5268 ’
