<?xml version="1.0" encoding="UTF-8"?>
<!DOCTYPE html PUBLIC "-//W3C//DTD XHTML 1.0 Transitional//EN"
    "http://www.w3.org/TR/xhtml1/DTD/xhtml1-transitional.dtd">
<html xmlns="http://www.w3.org/1999/xhtml" xml:lang="en" lang="en">
 <head>
  <title>
</title>
<meta http-equiv="Content-Type" content="text/html;charset=utf-8" />
  <meta name='ocr-system' content='tesseract 3.04.00' />
  <meta name='ocr-capabilities' content='ocr_page ocr_carea ocr_par ocr_line ocrx_word'/>
</head>
<body>
  <div class='ocr_page' id='page_1' title='image "./systemaastronom00seyfgoog_0225.png"; bbox 0 0 4904 6100; ppageno 0'>
   <div class='ocr_carea' id='block_1_1' title="bbox 1188 531 1557 613">
    <p class='ocr_par' dir='ltr' id='par_1_1' title="bbox 1188 531 1557 613">
     <span class='ocr_line' id='line_1_1' title="bbox 1188 531 1557 613; baseline -0.005 0"><span class='ocrx_word' id='word_1_1' title='bbox 1188 531 1557 613; x_wconf 82' lang='lat' dir='ltr'><strong>-lon—</strong></span> 
     </span>
    </p>
   </div>
   <div class='ocr_carea' id='block_1_2' title="bbox 419 721 2300 3032">
    <p class='ocr_par' dir='ltr' id='par_1_2' title="bbox 448 721 2296 1628">
     <span class='ocr_line' id='line_1_2' title="bbox 448 721 2294 812; baseline -0.005 -13"><span class='ocrx_word' id='word_1_2' title='bbox 448 734 625 799; x_wconf 82' lang='lat' dir='ltr'><strong>Praeterea</strong></span> <span class='ocrx_word' id='word_1_3' title='bbox 645 727 830 793; x_wconf 88' lang='lat' dir='ltr'><strong>Herodotus</strong></span> <span class='ocrx_word' id='word_1_4' title='bbox 851 726 910 808; x_wconf 88' lang='grc' dir='ltr'><strong>(ΙΙ.</strong></span> <span class='ocrx_word' id='word_1_5' title='bbox 930 726 998 810; x_wconf 80' lang='grc'><strong>76.)</strong></span> <span class='ocrx_word' id='word_1_6' title='bbox 1023 726 1132 804; x_wconf 88' lang='lat' dir='ltr'><strong>tradit,</strong></span> <span class='ocrx_word' id='word_1_7' title='bbox 1155 724 1475 810; x_wconf 86' lang='lat' dir='ltr'><strong>horum.serpentum</strong></span> <span class='ocrx_word' id='word_1_8' title='bbox 1494 723 1564 789; x_wconf 88' lang='lat' dir='ltr'><strong>eles</strong></span> <span class='ocrx_word' id='word_1_9' title='bbox 1586 721 1707 788; x_wconf 84' lang='lat' dir='ltr'><strong>similes</strong></span> <span class='ocrx_word' id='word_1_10' title='bbox 1730 743 1801 788; x_wconf 90' lang='lat' dir='ltr'><strong>esse</strong></span> <span class='ocrx_word' id='word_1_11' title='bbox 1820 721 2086 808; x_wconf 71' lang='lat' dir='ltr'><strong>vespertilionum</strong></span> <span class='ocrx_word' id='word_1_12' title='bbox 2108 723 2188 806; x_wconf 89' lang='lat' dir='ltr'><strong>alis,</strong></span> <span class='ocrx_word' id='word_1_13' title='bbox 2212 747 2294 812; x_wconf 85' lang='lat' dir='ltr'><strong>quae</strong></span> 
     </span>
     <span class='ocr_line' id='line_1_3' title="bbox 451 837 2296 929; baseline -0.006 -13"><span class='ocrx_word' id='word_1_14' title='bbox 451 863 526 916; x_wconf 89' lang='lat' dir='ltr'><strong>sunt</strong></span> <span class='ocrx_word' id='word_1_15' title='bbox 549 848 576 916; x_wconf 75' lang='grc' dir='ltr'><strong>ἵ)</strong></span> <span class='ocrx_word' id='word_1_16' title='bbox 602 843 754 910; x_wconf 86' lang='lat' dir='ltr'><strong>animalia</strong></span> <span class='ocrx_word' id='word_1_17' title='bbox 776 843 916 928; x_wconf 72' lang='lat' dir='ltr'><strong>(amp.)</strong></span> <span class='ocrx_word' id='word_1_18' title='bbox 943 841 1043 908; x_wconf 83' lang='lat' dir='ltr'><strong>Addit</strong></span> <span class='ocrx_word' id='word_1_19' title='bbox 1058 841 1214 908; x_wconf 89' lang='lat' dir='ltr'><strong>Aelianus</strong></span> <span class='ocrx_word' id='word_1_20' title='bbox 1236 839 1385 924; x_wconf 77' lang='lat'><strong>(11.³8.),</strong></span> <span class='ocrx_word' id='word_1_21' title='bbox 1409 841 1539 906; x_wconf 87' lang='lat' dir='ltr'><strong>eosdem</strong></span> <span class='ocrx_word' id='word_1_22' title='bbox 1560 851 1728 926; x_wconf 74' lang='lat' dir='ltr'><strong>mrpeutes</strong></span> <span class='ocrx_word' id='word_1_23' title='bbox 1743 841 1840 908; x_wconf 80' lang='lat' dir='ltr'><strong>etiem</strong></span> <span class='ocrx_word' id='word_1_24' title='bbox 1862 841 1906 902; x_wconf 88' lang='lat' dir='ltr'><strong>ex</strong></span> <span class='ocrx_word' id='word_1_25' title='bbox 1925 837 2096 925; x_wconf 75' lang='lat' dir='ltr'><strong>Aethiopia</strong></span> <span class='ocrx_word' id='word_1_26' title='bbox 2116 841 2150 903; x_wconf 91' lang='lat' dir='ltr'><strong>in</strong></span> <span class='ocrx_word' id='word_1_27' title='bbox 2164 839 2296 929; x_wconf 77' lang='lat' dir='ltr'><strong>Aegyp·</strong></span> 
     </span>
     <span class='ocr_line' id='line_1_4' title="bbox 451 951 2296 1045; baseline -0.006 -13"><span class='ocrx_word' id='word_1_28' title='bbox 451 983 520 1031; x_wconf 89' lang='lat' dir='ltr'><strong>tum</strong></span> <span class='ocrx_word' id='word_1_29' title='bbox 540 960 702 1027; x_wconf 90' lang='lat' dir='ltr'><strong>aduolare.</strong></span> <span class='ocrx_word' id='word_1_30' title='bbox 747 956 855 1034; x_wconf 83' lang='lat' dir='ltr'><strong>Quod,</strong></span> <span class='ocrx_word' id='word_1_31' title='bbox 882 979 978 1045; x_wconf 84' lang='lat' dir='ltr'><strong>quum</strong></span> <span class='ocrx_word' id='word_1_32' title='bbox 1002 958 1174 1043; x_wconf 82' lang='lat' dir='ltr'><strong>Aethiopia</strong></span> <span class='ocrx_word' id='word_1_33' title='bbox 1196 957 1236 1020; x_wconf 88' lang='lat' dir='ltr'><strong>ad</strong></span> <span class='ocrx_word' id='word_1_34' title='bbox 1263 959 1289 1019; x_wconf 78' lang='grc' dir='ltr'><strong>ῐι</strong></span> <span class='ocrx_word' id='word_1_35' title='bbox 1316 957 1445 1018; x_wconf 91' lang='lat' dir='ltr'><strong>domurn</strong></span> <span class='ocrx_word' id='word_1_36' title='bbox 1462 972 1509 1020; x_wconf 69' lang='lat' dir='ltr'><strong>aaz</strong></span> <span class='ocrx_word' id='word_1_37' title='bbox 1528 967 1669 1040; x_wconf 71' lang='lat' dir='ltr'><strong>mactet,</strong></span> <span class='ocrx_word' id='word_1_38' title='bbox 1691 953 1806 1022; x_wconf 91' lang='lat' dir='ltr'><strong>eodem</strong></span> <span class='ocrx_word' id='word_1_39' title='bbox 1829 955 1973 1019; x_wconf 89' lang='lat' dir='ltr'><strong>recurrit.</strong></span> <span class='ocrx_word' id='word_1_40' title='bbox 2013 951 2163 1040; x_wconf 75' lang='lat' dir='ltr'><strong>Sespm</strong></span> <span class='ocrx_word' id='word_1_41' title='bbox 2182 953 2296 1022; x_wconf 68' lang='lat' dir='ltr'><strong>hera-</strong></span> 
     </span>
     <span class='ocr_line' id='line_1_5' title="bbox 453 1069 2295 1168; baseline -0.002 -26"><span class='ocrx_word' id='word_1_42' title='bbox 453 1077 658 1164; x_wconf 77' lang='lat' dir='ltr'><strong>eoceplclss,</strong></span> <span class='ocrx_word' id='word_1_43' title='bbox 675 1077 772 1139; x_wconf 87' lang='lat' dir='ltr'><strong>etiam</strong></span> <span class='ocrx_word' id='word_1_44' title='bbox 789 1074 862 1159; x_wconf 72' lang='grc' dir='ltr'><strong>ὄφις</strong></span> <span class='ocrx_word' id='word_1_45' title='bbox 884 1073 1114 1160; x_wconf 76' lang='grc' dir='ltr'><strong>ἱεραιομορφος</strong></span> <span class='ocrx_word' id='word_1_46' title='bbox 1130 1075 1245 1153; x_wconf 88' lang='lat' dir='ltr'><strong>dictos,</strong></span> <span class='ocrx_word' id='word_1_47' title='bbox 1261 1070 1297 1142; x_wconf 85' lang='grc' dir='ltr'>Θ</span> <span class='ocrx_word' id='word_1_48' title='bbox 1311 1092 1402 1135; x_wconf 86' lang='lat' dir='ltr'><strong>sacer</strong></span> <span class='ocrx_word' id='word_1_49' title='bbox 1418 1083 1500 1152; x_wconf 86' lang='lat' dir='ltr'><strong>erut,</strong></span> <span class='ocrx_word' id='word_1_50' title='bbox 1521 1083 1559 1135; x_wconf 85' lang='lat' dir='ltr'><strong>vt</strong></span> <span class='ocrx_word' id='word_1_51' title='bbox 1567 1069 1663 1137; x_wconf 87' lang='lat' dir='ltr'><strong>Philo</strong></span> <span class='ocrx_word' id='word_1_52' title='bbox 1678 1071 1812 1155; x_wconf 83' lang='lat' dir='ltr'><strong>(Eupeh.</strong></span> <span class='ocrx_word' id='word_1_53' title='bbox 1820 1072 1858 1137; x_wconf 82' lang='grc' dir='ltr'><strong>Ρ.</strong></span> <span class='ocrx_word' id='word_1_54' title='bbox 1866 1071 1905 1168; x_wconf 66' lang='lat' dir='ltr'><strong>E,</strong></span> <span class='ocrx_word' id='word_1_55' title='bbox 1913 1070 2003 1138; x_wconf 76' lang='lat' dir='ltr'><strong>tto.</strong></span> <span class='ocrx_word' id='word_1_56' title='bbox 2010 1093 2043 1157; x_wconf 91' lang='lat' dir='ltr'><strong>p.</strong></span> <span class='ocrx_word' id='word_1_57' title='bbox 2051 1073 2121 1155; x_wconf 84' lang='grc'><strong>41.)</strong></span> <span class='ocrx_word' id='word_1_58' title='bbox 2136 1071 2240 1154; x_wconf 87' lang='lat' dir='ltr'><strong>docet,</strong></span> <span class='ocrx_word' id='word_1_59' title='bbox 2255 1073 2295 1138; x_wconf 93' lang='lat' dir='ltr'><strong>de</strong></span> 
     </span>
     <span class='ocr_line' id='line_1_6' title="bbox 453 1161 2295 1285; baseline -0.004 -23"><span class='ocrx_word' id='word_1_60' title='bbox 453 1218 516 1285; x_wconf 80' lang='lat' dir='ltr'><strong>quo</strong></span> <span class='ocrx_word' id='word_1_61' title='bbox 537 1215 636 1280; x_wconf 89' lang='lat' dir='ltr'><strong>supra</strong></span> <span class='ocrx_word' id='word_1_62' title='bbox 656 1191 775 1258; x_wconf 90' lang='lat' dir='ltr'><strong>dicturn</strong></span> <span class='ocrx_word' id='word_1_63' title='bbox 802 1191 850 1272; x_wconf 86' lang='lat' dir='ltr'><strong>(r.</strong></span> <span class='ocrx_word' id='word_1_64' title='bbox 873 1189 1028 1274; x_wconf 87' lang='lat' dir='ltr'><strong>Vreeus).</strong></span> <span class='ocrx_word' id='word_1_65' title='bbox 1076 1189 1225 1276; x_wconf 87' lang='lat' dir='ltr'><strong>Denique</strong></span> <span class='ocrx_word' id='word_1_66' title='bbox 1248 1186 1396 1273; x_wconf 83' lang='lat' dir='ltr'><strong>Serpens</strong></span> <span class='ocrx_word' id='word_1_67' title='bbox 1417 1193 1440 1271; x_wconf 58' lang='grc' dir='ltr'><strong>ἶ</strong></span> <span class='ocrx_word' id='word_1_68' title='bbox 1459 1209 1551 1252; x_wconf 86' lang='lat' dir='ltr'><strong>secer</strong></span> <span class='ocrx_word' id='word_1_69' title='bbox 1571 1161 1840 1256; x_wconf 70' lang='lat' dir='ltr'><strong>commemoretur</strong></span> <span class='ocrx_word' id='word_1_70' title='bbox 1860 1186 1949 1273; x_wconf 92' lang='lat' dir='ltr'><strong>(Ael.</strong></span> <span class='ocrx_word' id='word_1_71' title='bbox 1969 1183 2032 1252; x_wconf 92' lang='lat' dir='ltr'><strong>Xl.</strong></span> <span class='ocrx_word' id='word_1_72' title='bbox 2054 1191 2113 1271; x_wconf 96' lang='grc'><strong>2.).</strong></span> <span class='ocrx_word' id='word_1_73' title='bbox 2164 1188 2295 1255; x_wconf 87' lang='lat' dir='ltr'><strong>Diserte</strong></span> 
     </span>
     <span class='ocr_line' id='line_1_7' title="bbox 454 1301 2295 1393; baseline -0.005 -12"><span class='ocrx_word' id='word_1_74' title='bbox 454 1313 612 1382; x_wconf 86' lang='lat' dir='ltr'><strong>Aelianus</strong></span> <span class='ocrx_word' id='word_1_75' title='bbox 634 1306 745 1393; x_wconf 81' lang='lat' dir='ltr'><strong>(Vlll.</strong></span> <span class='ocrx_word' id='word_1_76' title='bbox 770 1310 836 1390; x_wconf 89' lang='grc'><strong>12.)</strong></span> <span class='ocrx_word' id='word_1_77' title='bbox 860 1304 1056 1392; x_wconf 89' lang='lat' dir='ltr'><strong>Aesculapio</strong></span> <span class='ocrx_word' id='word_1_78' title='bbox 1078 1305 1230 1371; x_wconf 89' lang='lat' dir='ltr'><strong>adscribit</strong></span> <span class='ocrx_word' id='word_1_79' title='bbox 1253 1326 1379 1370; x_wconf 90' lang='lat' dir='ltr'><strong>sacrum</strong></span> <span class='ocrx_word' id='word_1_80' title='bbox 1401 1317 1583 1390; x_wconf 87' lang='lat' dir='ltr'><strong>serpentem</strong></span> <span class='ocrx_word' id='word_1_81' title='bbox 1604 1307 1778 1370; x_wconf 85' lang='lat' dir='ltr'><strong>innoxium</strong></span> <span class='ocrx_word' id='word_1_82' title='bbox 1808 1305 1916 1370; x_wconf 75' lang='lat' dir='ltr'><strong>miore</strong></span> <span class='ocrx_word' id='word_1_83' title='bbox 1936 1307 2053 1390; x_wconf 77' lang='lat' dir='ltr'><strong>igneo,</strong></span> <span class='ocrx_word' id='word_1_84' title='bbox 2082 1303 2185 1370; x_wconf 82' lang='lat' dir='ltr'><strong>ocche</strong></span> <span class='ocrx_word' id='word_1_85' title='bbox 2206 1301 2295 1372; x_wconf 84' lang='lat' dir='ltr'><strong>acer·</strong></span> 
     </span>
     <span class='ocr_line' id='line_1_8' title="bbox 455 1419 2296 1521; baseline -0.004 -26"><span class='ocrx_word' id='word_1_86' title='bbox 455 1433 555 1495; x_wconf 71' lang='lat' dir='ltr'><strong>rimie</strong></span> <span class='ocrx_word' id='word_1_87' title='bbox 598 1426 644 1493; x_wconf 88' lang='lat' dir='ltr'><strong>At</strong></span> <span class='ocrx_word' id='word_1_88' title='bbox 667 1437 810 1505; x_wconf 89' lang='lat' dir='ltr'><strong>constat,</strong></span> <span class='ocrx_word' id='word_1_89' title='bbox 831 1426 866 1488; x_wconf 91' lang='lat' dir='ltr'><strong>iu</strong></span> <span class='ocrx_word' id='word_1_90' title='bbox 886 1423 1036 1509; x_wconf 81' lang='lat' dir='ltr'><strong>Aegypto</strong></span> <span class='ocrx_word' id='word_1_91' title='bbox 1063 1422 1398 1509; x_wconf 79' lang='lat' dir='ltr'><strong>nullum-serpentem.</strong></span> <span class='ocrx_word' id='word_1_92' title='bbox 1412 1419 1573 1487; x_wconf 87' lang='lat' dir='ltr'><strong>Mercurio</strong></span> <span class='ocrx_word' id='word_1_93' title='bbox 1596 1422 1669 1505; x_wconf 70' lang='lat' dir='ltr'><strong>(li)</strong></span> <span class='ocrx_word' id='word_1_94' title='bbox 1690 1443 1819 1488; x_wconf 77' lang='lat' dir='ltr'><strong>norum</strong></span> <span class='ocrx_word' id='word_1_95' title='bbox 1842 1422 1953 1488; x_wconf 84' lang='lat' dir='ltr'><strong>luisse.</strong></span> <span class='ocrx_word' id='word_1_96' title='bbox 1996 1419 2105 1521; x_wconf 78' lang='lat' dir='ltr'><strong>Quare</strong></span> <span class='ocrx_word' id='word_1_97' title='bbox 2117 1430 2296 1507; x_wconf 59' lang='lat' dir='ltr'><strong>sarpam</strong></span> 
     </span>
     <span class='ocr_line' id='line_1_9' title="bbox 458 1539 1489 1628; baseline -0.008 -16"><span class='ocrx_word' id='word_1_98' title='bbox 458 1547 607 1612; x_wconf 90' lang='lat' dir='ltr'><strong>conuenit</strong></span> <span class='ocrx_word' id='word_1_99' title='bbox 628 1565 692 1609; x_wconf 92' lang='lat' dir='ltr'><strong>non</strong></span> <span class='ocrx_word' id='word_1_100' title='bbox 710 1541 960 1628; x_wconf 83' lang='lat' dir='ltr'><strong>Aegyptiorum,</strong></span> <span class='ocrx_word' id='word_1_101' title='bbox 983 1539 1040 1606; x_wconf 84' lang='lat' dir='ltr'><strong>sed</strong></span> <span class='ocrx_word' id='word_1_102' title='bbox 1064 1540 1265 1606; x_wconf 83' lang='lat' dir='ltr'><strong>Graecorum</strong></span> <span class='ocrx_word' id='word_1_103' title='bbox 1285 1561 1330 1604; x_wconf 86' lang='lat' dir='ltr'><strong>ex</strong></span> <span class='ocrx_word' id='word_1_104' title='bbox 1353 1543 1489 1604; x_wconf 86' lang='lat' dir='ltr'><strong>ratione.</strong></span> 
     </span>
    </p>

    <p class='ocr_par' dir='ltr' id='par_1_3' title="bbox 419 1651 2300 3032">
     <span class='ocr_line' id='line_1_10' title="bbox 545 1651 2294 1752; baseline -0.005 -26"><span class='ocrx_word' id='word_1_105' title='bbox 545 1659 700 1740; x_wconf 66' lang='lat' dir='ltr'><strong>roureto,</strong></span> <span class='ocrx_word' id='word_1_106' title='bbox 719 1663 860 1741; x_wconf 77' lang='grc' dir='ltr'><strong>χιλωνη,</strong></span> <span class='ocrx_word' id='word_1_107' title='bbox 882 1651 1014 1752; x_wconf 56' lang='lat' dir='ltr'><strong>shuts,</strong></span> <span class='ocrx_word' id='word_1_108' title='bbox 1040 1657 1062 1724; x_wconf 72' lang='lat' dir='ltr'><strong>s</strong></span> <span class='ocrx_word' id='word_1_109' title='bbox 1090 1679 1149 1722; x_wconf 90' lang='lat' dir='ltr'><strong>nec</strong></span> <span class='ocrx_word' id='word_1_110' title='bbox 1169 1678 1235 1721; x_wconf 89' lang='lat' dir='ltr'><strong>non</strong></span> <span class='ocrx_word' id='word_1_111' title='bbox 1260 1662 1285 1725; x_wconf 71' lang='grc'><strong>2</strong></span> <span class='ocrx_word' id='word_1_112' title='bbox 1315 1655 1489 1744; x_wconf 80' lang='lat' dir='ltr'><strong>significat.</strong></span> <span class='ocrx_word' id='word_1_113' title='bbox 1532 1655 1619 1720; x_wconf 84' lang='lat' dir='ltr'><strong>Satis</strong></span> <span class='ocrx_word' id='word_1_114' title='bbox 1641 1667 1718 1720; x_wconf 88' lang='lat' dir='ltr'><strong>nota</strong></span> <span class='ocrx_word' id='word_1_115' title='bbox 1739 1667 1789 1721; x_wconf 86' lang='lat' dir='ltr'><strong>est</strong></span> <span class='ocrx_word' id='word_1_116' title='bbox 1808 1655 1920 1722; x_wconf 75' lang='lat' dir='ltr'><strong>fabule</strong></span> <span class='ocrx_word' id='word_1_117' title='bbox 1939 1657 1980 1720; x_wconf 93' lang='lat' dir='ltr'><strong>de</strong></span> <span class='ocrx_word' id='word_1_118' title='bbox 2001 1655 2185 1720; x_wconf 89' lang='lat' dir='ltr'><strong>inuentione</strong></span> <span class='ocrx_word' id='word_1_119' title='bbox 2203 1651 2294 1738; x_wconf 79' lang='lat' dir='ltr'><strong>lyrae</strong></span> 
     </span>
     <span class='ocr_line' id='line_1_11' title="bbox 457 1771 2294 1868; baseline -0.005 -24"><span class='ocrx_word' id='word_1_120' title='bbox 457 1801 516 1868; x_wconf 88' lang='lat' dir='ltr'><strong>per</strong></span> <span class='ocrx_word' id='word_1_121' title='bbox 542 1777 749 1844; x_wconf 87' lang='lat' dir='ltr'><strong>Mercurium.</strong></span> <span class='ocrx_word' id='word_1_122' title='bbox 800 1773 929 1840; x_wconf 80' lang='lat' dir='ltr'><strong>Dicitur</strong></span> <span class='ocrx_word' id='word_1_123' title='bbox 958 1795 1078 1839; x_wconf 90' lang='lat' dir='ltr'><strong>neruos</strong></span> <span class='ocrx_word' id='word_1_124' title='bbox 1104 1772 1257 1860; x_wconf 83' lang='lat' dir='ltr'><strong>Typhoni</strong></span> <span class='ocrx_word' id='word_1_125' title='bbox 1285 1773 1441 1838; x_wconf 85' lang='lat' dir='ltr'><strong>euulsisse</strong></span> <span class='ocrx_word' id='word_1_126' title='bbox 1471 1789 1568 1861; x_wconf 88' lang='lat' dir='ltr'><strong>etque</strong></span> <span class='ocrx_word' id='word_1_127' title='bbox 1603 1773 1755 1838; x_wconf 74' lang='lat' dir='ltr'><strong>testudini</strong></span> <span class='ocrx_word' id='word_1_128' title='bbox 1779 1772 1954 1838; x_wconf 70' lang='lat' dir='ltr'><strong>intendisse</strong></span> <span class='ocrx_word' id='word_1_129' title='bbox 1985 1777 1998 1850; x_wconf 90' lang='lat'>(</span> <span class='ocrx_word' id='word_1_130' title='bbox 2008 1771 2095 1838; x_wconf 87' lang='lat' dir='ltr'><strong>Plut.</strong></span> <span class='ocrx_word' id='word_1_131' title='bbox 2121 1771 2166 1836; x_wconf 86' lang='lat' dir='ltr'><strong>le.</strong></span> <span class='ocrx_word' id='word_1_132' title='bbox 2187 1775 2294 1850; x_wconf 75' lang='grc'><strong>373.)</strong></span> 
     </span>
     <span class='ocr_line' id='line_1_12' title="bbox 459 1887 2296 1975; baseline -0.006 -12"><span class='ocrx_word' id='word_1_133' title='bbox 459 1892 735 1975; x_wconf 75' lang='lat' dir='ltr'><strong>Quemadmodum</strong></span> <span class='ocrx_word' id='word_1_134' title='bbox 757 1912 835 1955; x_wconf 86' lang='lat' dir='ltr'><strong>vero</strong></span> <span class='ocrx_word' id='word_1_135' title='bbox 863 1893 885 1960; x_wconf 70' lang='lat' dir='ltr'><strong>a</strong></span> <span class='ocrx_word' id='word_1_136' title='bbox 914 1894 1036 1958; x_wconf 85' lang='lat' dir='ltr'><strong>musice</strong></span> <span class='ocrx_word' id='word_1_137' title='bbox 1058 1903 1090 1955; x_wconf 88' lang='lat' dir='ltr'><strong>et</strong></span> <span class='ocrx_word' id='word_1_138' title='bbox 1111 1893 1323 1956; x_wconf 84' lang='lat' dir='ltr'><strong>instrumenta</strong></span> <span class='ocrx_word' id='word_1_139' title='bbox 1342 1895 1464 1956; x_wconf 88' lang='lat' dir='ltr'><strong>musice</strong></span> <span class='ocrx_word' id='word_1_140' title='bbox 1482 1889 1724 1974; x_wconf 86' lang='lat' dir='ltr'><strong>adscribuntur,</strong></span> <span class='ocrx_word' id='word_1_141' title='bbox 1747 1894 1794 1957; x_wconf 89' lang='lat' dir='ltr'><strong>ite</strong></span> <span class='ocrx_word' id='word_1_142' title='bbox 1816 1905 1849 1956; x_wconf 86' lang='lat' dir='ltr'><strong>et</strong></span> <span class='ocrx_word' id='word_1_143' title='bbox 1869 1891 1974 1975; x_wconf 91' lang='lat' dir='ltr'><strong>prima</strong></span> <span class='ocrx_word' id='word_1_144' title='bbox 1993 1887 2075 1972; x_wconf 85' lang='lat' dir='ltr'><strong>lyra,</strong></span> <span class='ocrx_word' id='word_1_145' title='bbox 2098 1888 2245 1971; x_wconf 89' lang='lat' dir='ltr'><strong>testudo,</strong></span> <span class='ocrx_word' id='word_1_146' title='bbox 2268 1893 2296 1952; x_wconf 90' lang='lat' dir='ltr'><strong>ei</strong></span> 
     </span>
     <span class='ocr_line' id='line_1_13' title="bbox 460 2005 2296 2096; baseline -0.004 -17"><span class='ocrx_word' id='word_1_147' title='bbox 460 2033 552 2079; x_wconf 86' lang='lat' dir='ltr'><strong>sacra</strong></span> <span class='ocrx_word' id='word_1_148' title='bbox 571 2011 687 2089; x_wconf 72' lang='lat' dir='ltr'><strong>fuant,</strong></span> <span class='ocrx_word' id='word_1_149' title='bbox 711 2028 841 2072; x_wconf 87' lang='lat' dir='ltr'><strong>necesse</strong></span> <span class='ocrx_word' id='word_1_150' title='bbox 864 2021 924 2073; x_wconf 89' lang='lat' dir='ltr'><strong>est.</strong></span> <span class='ocrx_word' id='word_1_151' title='bbox 967 2007 1052 2072; x_wconf 87' lang='lat' dir='ltr'><strong>Hinc</strong></span> <span class='ocrx_word' id='word_1_152' title='bbox 1074 2007 1193 2094; x_wconf 85' lang='lat' dir='ltr'><strong>Apollo</strong></span> <span class='ocrx_word' id='word_1_153' title='bbox 1217 2007 1282 2093; x_wconf 75' lang='lat' dir='ltr'><strong>(li)</strong></span> <span class='ocrx_word' id='word_1_154' title='bbox 1304 2005 1437 2094; x_wconf 84' lang='lat' dir='ltr'><strong>lingitur</strong></span> <span class='ocrx_word' id='word_1_155' title='bbox 1457 2006 1662 2096; x_wconf 81' lang='lat' dir='ltr'><strong>lyrophoms.</strong></span> <span class='ocrx_word' id='word_1_156' title='bbox 1704 2008 1806 2074; x_wconf 84' lang='lat' dir='ltr'><strong>Porro</strong></span> <span class='ocrx_word' id='word_1_157' title='bbox 1826 2006 1945 2072; x_wconf 86' lang='lat' dir='ltr'><strong>diserte</strong></span> <span class='ocrx_word' id='word_1_158' title='bbox 1964 2007 2143 2073; x_wconf 84' lang='lat' dir='ltr'><strong>Pausanias</strong></span> <span class='ocrx_word' id='word_1_159' title='bbox 2163 2005 2296 2092; x_wconf 87' lang='lat' dir='ltr'><strong>(Arcad.</strong></span> 
     </span>
     <span class='ocr_line' id='line_1_14' title="bbox 460 2105 2296 2212; baseline -0.002 -21"><span class='ocrx_word' id='word_1_160' title='bbox 460 2135 550 2196; x_wconf 68' lang='lat' dir='ltr'><strong>ass.</strong></span> <span class='ocrx_word' id='word_1_161' title='bbox 568 2128 654 2208; x_wconf 67' lang='grc' dir='ltr'><strong>Μ.)</strong></span> <span class='ocrx_word' id='word_1_162' title='bbox 676 2124 784 2206; x_wconf 87' lang='lat' dir='ltr'><strong>tradit,</strong></span> <span class='ocrx_word' id='word_1_163' title='bbox 808 2124 1012 2208; x_wconf 86' lang='lat' dir='ltr'><strong>testudinem,</strong></span> <span class='ocrx_word' id='word_1_164' title='bbox 1032 2127 1151 2211; x_wconf 86' lang='lat' dir='ltr'><strong>piscem</strong></span> <span class='ocrx_word' id='word_1_165' title='bbox 1166 2123 1346 2205; x_wconf 90' lang='lat' dir='ltr'><strong>loricatum,</strong></span> <span class='ocrx_word' id='word_1_166' title='bbox 1367 2127 1464 2190; x_wconf 81' lang='lat' dir='ltr'><strong>Panlo</strong></span> <span class='ocrx_word' id='word_1_167' title='bbox 1478 2147 1549 2192; x_wconf 86' lang='lat' dir='ltr'><strong>esso</strong></span> <span class='ocrx_word' id='word_1_168' title='bbox 1565 2125 1695 2191; x_wconf 87' lang='lat' dir='ltr'><strong>animal.</strong></span> <span class='ocrx_word' id='word_1_169' title='bbox 1727 2125 1835 2211; x_wconf 85' lang='lat' dir='ltr'><strong>Atque</strong></span> <span class='ocrx_word' id='word_1_170' title='bbox 1856 2123 1996 2190; x_wconf 85' lang='lat' dir='ltr'><strong>vidimus</strong></span> <span class='ocrx_word' id='word_1_171' title='bbox 2016 2127 2063 2212; x_wconf 90' lang='lat' dir='ltr'><strong>(p.</strong></span> <span class='ocrx_word' id='word_1_172' title='bbox 2074 2105 2175 2210; x_wconf 74' lang='lat' dir='ltr'><strong>tiu),</strong></span> <span class='ocrx_word' id='word_1_173' title='bbox 2194 2123 2296 2198; x_wconf 83' lang='lat' dir='ltr'><strong>Pena,</strong></span> 
     </span>
     <span class='ocr_line' id='line_1_15' title="bbox 419 2241 2299 2331; baseline -0.002 -20"><span class='ocrx_word' id='word_1_174' title='bbox 419 2255 422 2260; x_wconf 90' lang='lat'>&#39;</span> <span class='ocrx_word' id='word_1_175' title='bbox 460 2267 578 2311; x_wconf 90' lang='lat' dir='ltr'><strong>numen</strong></span> <span class='ocrx_word' id='word_1_176' title='bbox 598 2241 790 2328; x_wconf 89' lang='lat' dir='ltr'><strong>phellioum‚</strong></span> <span class='ocrx_word' id='word_1_177' title='bbox 826 2245 848 2326; x_wconf 59' lang='grc' dir='ltr'>ἓ</span> <span class='ocrx_word' id='word_1_178' title='bbox 876 2241 1020 2306; x_wconf 87' lang='lat' dir='ltr'><strong>Mendeti</strong></span> <span class='ocrx_word' id='word_1_179' title='bbox 1040 2241 1183 2308; x_wconf 82' lang='grc' dir='ltr'>Ειιιιιιιιο</span> <span class='ocrx_word' id='word_1_180' title='bbox 1209 2243 1415 2328; x_wconf 84' lang='lat' dir='ltr'><strong>respondere.</strong></span> <span class='ocrx_word' id='word_1_181' title='bbox 1459 2242 1530 2310; x_wconf 89' lang='lat' dir='ltr'><strong>ludi</strong></span> <span class='ocrx_word' id='word_1_182' title='bbox 1552 2265 1679 2331; x_wconf 88' lang='lat' dir='ltr'><strong>qnoque</strong></span> <span class='ocrx_word' id='word_1_183' title='bbox 1704 2241 1915 2320; x_wconf 85' lang='lat' dir='ltr'><strong>testudinem,</strong></span> <span class='ocrx_word' id='word_1_184' title='bbox 1945 2263 2019 2306; x_wconf 90' lang='lat' dir='ltr'><strong>cnm</strong></span> <span class='ocrx_word' id='word_1_185' title='bbox 2047 2245 2141 2308; x_wconf 87' lang='lat' dir='ltr'><strong>simio</strong></span> <span class='ocrx_word' id='word_1_186' title='bbox 2171 2255 2206 2307; x_wconf 88' lang='lat' dir='ltr'><strong>et</strong></span> <span class='ocrx_word' id='word_1_187' title='bbox 2232 2245 2299 2329; x_wconf 85' lang='lat' dir='ltr'><strong>pis·</strong></span> 
     </span>
     <span class='ocr_line' id='line_1_16' title="bbox 460 2355 2299 2444; baseline -0.001 -16"><span class='ocrx_word' id='word_1_188' title='bbox 460 2359 570 2428; x_wconf 88' lang='lat' dir='ltr'><strong>ciculis</strong></span> <span class='ocrx_word' id='word_1_189' title='bbox 592 2355 857 2438; x_wconf 86' lang='lat' dir='ltr'><strong>Mercurielibus,</strong></span> <span class='ocrx_word' id='word_1_190' title='bbox 894 2355 916 2426; x_wconf 74' lang='lat' dir='ltr'><strong>il</strong></span> <span class='ocrx_word' id='word_1_191' title='bbox 956 2358 1140 2424; x_wconf 85' lang='lat' dir='ltr'><strong>adscribunt</strong></span> <span class='ocrx_word' id='word_1_192' title='bbox 1168 2359 1305 2444; x_wconf 70' lang='lat' dir='ltr'><strong>(Krene.</strong></span> <span class='ocrx_word' id='word_1_193' title='bbox 1327 2357 1437 2444; x_wconf 83' lang='lat' dir='ltr'><strong>Symb.</strong></span> <span class='ocrx_word' id='word_1_194' title='bbox 1460 2357 1546 2425; x_wconf 84' lang='lat' dir='ltr'><strong>Teb.</strong></span> <span class='ocrx_word' id='word_1_195' title='bbox 1563 2359 1759 2444; x_wconf 91' lang='lat' dir='ltr'><strong>XXVlll.).</strong></span> <span class='ocrx_word' id='word_1_196' title='bbox 1812 2355 1919 2434; x_wconf 82' lang='lat' dir='ltr'><strong>Quum</strong></span> <span class='ocrx_word' id='word_1_197' title='bbox 1942 2379 2019 2424; x_wconf 86' lang='lat' dir='ltr'><strong>vero</strong></span> <span class='ocrx_word' id='word_1_198' title='bbox 2046 2357 2069 2424; x_wconf 61' lang='grc' dir='ltr'><strong>ἴ</strong></span> <span class='ocrx_word' id='word_1_199' title='bbox 2097 2374 2131 2425; x_wconf 88' lang='lat' dir='ltr'><strong>et</strong></span> <span class='ocrx_word' id='word_1_200' title='bbox 2151 2365 2179 2433; x_wconf 69' lang='lat'>2</span> <span class='ocrx_word' id='word_1_201' title='bbox 2196 2360 2299 2426; x_wconf 85' lang='lat' dir='ltr'><strong>multa</strong></span> 
     </span>
     <span class='ocr_line' id='line_1_17' title="bbox 463 2459 2298 2565; baseline 0.001 -22"><span class='ocrx_word' id='word_1_202' title='bbox 463 2475 613 2543; x_wconf 83' lang='lat' dir='ltr'><strong>animalia</strong></span> <span class='ocrx_word' id='word_1_203' title='bbox 635 2477 814 2539; x_wconf 88' lang='lat' dir='ltr'><strong>communia</strong></span> <span class='ocrx_word' id='word_1_204' title='bbox 835 2471 968 2558; x_wconf 88' lang='lat' dir='ltr'><strong>babent,</strong></span> <span class='ocrx_word' id='word_1_205' title='bbox 990 2497 1054 2540; x_wconf 91' lang='lat' dir='ltr'><strong>non</strong></span> <span class='ocrx_word' id='word_1_206' title='bbox 1075 2459 1203 2557; x_wconf 84' lang='lat' dir='ltr'><strong>mirum,</strong></span> <span class='ocrx_word' id='word_1_207' title='bbox 1227 2475 1418 2540; x_wconf 75' lang='lat' dir='ltr'><strong>testudinem</strong></span> <span class='ocrx_word' id='word_1_208' title='bbox 1441 2478 1538 2540; x_wconf 85' lang='lat' dir='ltr'><strong>etiarn</strong></span> <span class='ocrx_word' id='word_1_209' title='bbox 1560 2481 1583 2554; x_wconf 66' lang='lat' dir='ltr'><strong>h</strong></span> <span class='ocrx_word' id='word_1_210' title='bbox 1605 2475 1816 2564; x_wconf 85' lang='lat' dir='ltr'><strong>significasse,</strong></span> <span class='ocrx_word' id='word_1_211' title='bbox 1844 2470 1927 2562; x_wconf 88' lang='lat' dir='ltr'><strong>quod</strong></span> <span class='ocrx_word' id='word_1_212' title='bbox 1949 2477 2159 2561; x_wconf 86' lang='lat' dir='ltr'><strong>sequentibus</strong></span> <span class='ocrx_word' id='word_1_213' title='bbox 2181 2477 2298 2565; x_wconf 90' lang='lat' dir='ltr'><strong>probe·</strong></span> 
     </span>
     <span class='ocr_line' id='line_1_18' title="bbox 463 2587 2300 2682; baseline 0.001 -23"><span class='ocrx_word' id='word_1_214' title='bbox 463 2594 528 2660; x_wconf 92' lang='lat' dir='ltr'><strong>bile</strong></span> <span class='ocrx_word' id='word_1_215' title='bbox 555 2592 603 2658; x_wconf 84' lang='lat' dir='ltr'><strong>fit.</strong></span> <span class='ocrx_word' id='word_1_216' title='bbox 648 2591 733 2656; x_wconf 86' lang='lat' dir='ltr'><strong>Sene</strong></span> <span class='ocrx_word' id='word_1_217' title='bbox 756 2587 883 2656; x_wconf 90' lang='lat' dir='ltr'><strong>testudo</strong></span> <span class='ocrx_word' id='word_1_218' title='bbox 904 2605 1037 2678; x_wconf 91' lang='lat' dir='ltr'><strong>propter</strong></span> <span class='ocrx_word' id='word_1_219' title='bbox 1058 2591 1197 2679; x_wconf 86' lang='lat' dir='ltr'><strong>figurem</strong></span> <span class='ocrx_word' id='word_1_220' title='bbox 1219 2615 1311 2658; x_wconf 91' lang='lat' dir='ltr'><strong>snam</strong></span> <span class='ocrx_word' id='word_1_221' title='bbox 1344 2592 1509 2677; x_wconf 64' lang='lat' dir='ltr'><strong>lplenae</strong></span> <span class='ocrx_word' id='word_1_222' title='bbox 1530 2591 1669 2678; x_wconf 87' lang='lat' dir='ltr'><strong>liguram</strong></span> <span class='ocrx_word' id='word_1_223' title='bbox 1690 2613 1769 2679; x_wconf 89' lang='lat' dir='ltr'><strong>prao</strong></span> <span class='ocrx_word' id='word_1_224' title='bbox 1797 2616 1833 2660; x_wconf 83' lang='lat' dir='ltr'><strong>se</strong></span> <span class='ocrx_word' id='word_1_225' title='bbox 1853 2594 1928 2658; x_wconf 84' lang='lat' dir='ltr'><strong>sert.</strong></span> <span class='ocrx_word' id='word_1_226' title='bbox 1970 2591 2131 2661; x_wconf 79' lang='lat' dir='ltr'><strong>zodiacus</strong></span> <span class='ocrx_word' id='word_1_227' title='bbox 2150 2598 2300 2682; x_wconf 88' lang='lat' dir='ltr'><strong>antiquus</strong></span> 
     </span>
     <span class='ocr_line' id='line_1_19' title="bbox 462 2704 2300 2798; baseline 0.002 -26"><span class='ocrx_word' id='word_1_228' title='bbox 462 2708 622 2795; x_wconf 64' lang='lat' dir='ltr'><strong>(lheuner</strong></span> <span class='ocrx_word' id='word_1_229' title='bbox 635 2705 748 2790; x_wconf 85' lang='lat' dir='ltr'><strong>Symb.</strong></span> <span class='ocrx_word' id='word_1_230' title='bbox 769 2704 932 2793; x_wconf 74' lang='lat' dir='ltr'><strong>Tanta)</strong></span> <span class='ocrx_word' id='word_1_231' title='bbox 955 2707 1053 2774; x_wconf 88' lang='lat' dir='ltr'><strong>habet</strong></span> <span class='ocrx_word' id='word_1_232' title='bbox 1075 2711 1267 2776; x_wconf 71' lang='lat' dir='ltr'><strong>testudinem</strong></span> <span class='ocrx_word' id='word_1_233' title='bbox 1288 2731 1348 2797; x_wconf 93' lang='lat' dir='ltr'><strong>pro</strong></span> <span class='ocrx_word' id='word_1_234' title='bbox 1364 2707 1760 2796; x_wconf 67' lang='lat' dir='ltr'><strong>Oecodespoteffi‘signi,</strong></span> <span class='ocrx_word' id='word_1_235' title='bbox 1781 2712 1878 2776; x_wconf 70' lang='lat' dir='ltr'><strong>curib</strong></span> <span class='ocrx_word' id='word_1_236' title='bbox 1902 2722 2044 2794; x_wconf 82' lang='lat' dir='ltr'><strong>praeest.</strong></span> <span class='ocrx_word' id='word_1_237' title='bbox 2087 2711 2160 2777; x_wconf 86' lang='lat' dir='ltr'><strong>Huc</strong></span> <span class='ocrx_word' id='word_1_238' title='bbox 2176 2725 2300 2798; x_wconf 88' lang='lat' dir='ltr'><strong>spectet</strong></span> 
     </span>
     <span class='ocr_line' id='line_1_20' title="bbox 462 2819 2299 2912; baseline 0.002 -21"><span class='ocrx_word' id='word_1_239' title='bbox 462 2824 574 2898; x_wconf 82' lang='lat' dir='ltr'><strong>labala</strong></span> <span class='ocrx_word' id='word_1_240' title='bbox 595 2824 787 2895; x_wconf 73' lang='lat' dir='ltr'><strong>sinensium.</strong></span> <span class='ocrx_word' id='word_1_241' title='bbox 830 2819 938 2899; x_wconf 81' lang='lat' dir='ltr'><strong>Quum</strong></span> <span class='ocrx_word' id='word_1_242' title='bbox 963 2829 1047 2890; x_wconf 89' lang='lat' dir='ltr'><strong>enim</strong></span> <span class='ocrx_word' id='word_1_243' title='bbox 1074 2825 1153 2892; x_wconf 86' lang='lat' dir='ltr'><strong>solis</strong></span> <span class='ocrx_word' id='word_1_244' title='bbox 1175 2828 1305 2912; x_wconf 79' lang='lat' dir='ltr'><strong>eclipsis</strong></span> <span class='ocrx_word' id='word_1_245' title='bbox 1327 2829 1458 2908; x_wconf 88' lang='lat' dir='ltr'><strong>incidit,</strong></span> <span class='ocrx_word' id='word_1_246' title='bbox 1490 2827 1599 2890; x_wconf 87' lang='lat' dir='ltr'><strong>dieunt</strong></span> <span class='ocrx_word' id='word_1_247' title='bbox 1626 2825 1770 2892; x_wconf 83' lang='lat' dir='ltr'><strong>solome</strong></span> <span class='ocrx_word' id='word_1_248' title='bbox 1798 2826 1959 2892; x_wconf 78' lang='lat' dir='ltr'><strong>testudine</strong></span> <span class='ocrx_word' id='word_1_249' title='bbox 1988 2829 2110 2912; x_wconf 85' lang='lat' dir='ltr'><strong>ingenti</strong></span> <span class='ocrx_word' id='word_1_250' title='bbox 2123 2829 2299 2910; x_wconf 86' lang='lat' dir='ltr'><strong>deuorari,</strong></span> 
     </span>
     <span class='ocr_line' id='line_1_21' title="bbox 448 2923 2300 3032; baseline 0.001 -24"><span class='ocrx_word' id='word_1_251' title='bbox 448 2923 527 3030; x_wconf 46' lang='lat' dir='ltr'><strong>&#39;quo</strong></span> <span class='ocrx_word' id='word_1_252' title='bbox 543 2944 677 3005; x_wconf 90' lang='lat' dir='ltr'><strong>innuere</strong></span> <span class='ocrx_word' id='word_1_253' title='bbox 700 2937 869 3019; x_wconf 85' lang='lat' dir='ltr'><strong>videntur,</strong></span> <span class='ocrx_word' id='word_1_254' title='bbox 893 2961 964 3005; x_wconf 88' lang='lat' dir='ltr'><strong>esse</strong></span> <span class='ocrx_word' id='word_1_255' title='bbox 982 2940 1112 3008; x_wconf 90' lang='lat' dir='ltr'><strong>Lunam</strong></span> <span class='ocrx_word' id='word_1_256' title='bbox 1135 2941 1377 3029; x_wconf 87' lang='lat' dir='ltr'><strong>(testudinem),</strong></span> <span class='ocrx_word' id='word_1_257' title='bbox 1400 2965 1484 3030; x_wconf 84' lang='lat' dir='ltr'><strong>qnae</strong></span> <span class='ocrx_word' id='word_1_258' title='bbox 1504 2943 1540 3014; x_wconf 83' lang='grc' dir='ltr'>Θ</span> <span class='ocrx_word' id='word_1_259' title='bbox 1561 2941 1720 3010; x_wconf 86' lang='lat' dir='ltr'><strong>obscuret.</strong></span> <span class='ocrx_word' id='word_1_260' title='bbox 1764 2943 1849 3032; x_wconf 81' lang='lat' dir='ltr'><strong>llinc</strong></span> <span class='ocrx_word' id='word_1_261' title='bbox 1869 2941 2023 3008; x_wconf 89' lang='lat' dir='ltr'><strong>Aelianus</strong></span> <span class='ocrx_word' id='word_1_262' title='bbox 2044 2942 2118 3025; x_wconf 88' lang='lat' dir='ltr'><strong>(Vl.</strong></span> <span class='ocrx_word' id='word_1_263' title='bbox 2144 2950 2195 3008; x_wconf 90' lang='grc'><strong>12.</strong></span> <span class='ocrx_word' id='word_1_264' title='bbox 2216 2945 2300 3010; x_wconf 89' lang='lat' dir='ltr'><strong>XV.</strong></span> 
     </span>
    </p>
   </div>
   <div class='ocr_carea' id='block_1_3' title="bbox 465 3051 2300 3267">
    <p class='ocr_par' dir='ltr' id='par_1_4' title="bbox 465 3051 2300 3267">
     <span class='ocr_line' id='line_1_22' title="bbox 465 3051 2300 3187; baseline 0.002 -65"><span class='ocrx_word' id='word_1_265' title='bbox 465 3058 532 3141; x_wconf 87' lang='lat'><strong>19.)</strong></span> <span class='ocrx_word' id='word_1_266' title='bbox 550 3054 701 3120; x_wconf 88' lang='lat' dir='ltr'><strong>testudini</strong></span> <span class='ocrx_word' id='word_1_267' title='bbox 723 3051 876 3118; x_wconf 86' lang='lat' dir='ltr'><strong>adscribit</strong></span> <span class='ocrx_word' id='word_1_268' title='bbox 901 3053 1066 3122; x_wconf 89' lang='lat' dir='ltr'><strong>libidinem</strong></span> <span class='ocrx_word' id='word_1_269' title='bbox 1085 3071 1182 3144; x_wconf 85' lang='lat' dir='ltr'><strong>atque</strong></span> <span class='ocrx_word' id='word_1_270' title='bbox 1203 3063 1444 3146; x_wconf 83' lang='lat' dir='ltr'><strong>pugnacitatem</strong></span> <span class='ocrx_word' id='word_1_271' title='bbox 1466 3073 1578 3126; x_wconf 90' lang='lat' dir='ltr'><strong>contra</strong></span> <span class='ocrx_word' id='word_1_272' title='bbox 1599 3063 1761 3148; x_wconf 79' lang='lat' dir='ltr'><strong>viperam,</strong></span> <span class='ocrx_word' id='word_1_273' title='bbox 1784 3073 1821 3146; x_wconf 86' lang='lat' dir='ltr'><strong>vt</strong></span> <span class='ocrx_word' id='word_1_274' title='bbox 1841 3058 1936 3124; x_wconf 90' lang='lat' dir='ltr'><strong>lbidi.</strong></span> <span class='ocrx_word' id='word_1_275' title='bbox 1979 3052 2204 3187; x_wconf 40' lang='lat' dir='ltr'><strong>Quaffmo</strong></span> <span class='ocrx_word' id='word_1_276' title='bbox 2224 3060 2300 3126; x_wconf 91' lang='lat' dir='ltr'><strong>loco</strong></span> 
     </span>
     <span class='ocr_line' id='line_1_23' title="bbox 466 3169 1902 3267; baseline 0.001 -27"><span class='ocrx_word' id='word_1_277' title='bbox 466 3177 551 3240; x_wconf 89' lang='lat' dir='ltr'><strong>dicta</strong></span> <span class='ocrx_word' id='word_1_278' title='bbox 580 3172 601 3240; x_wconf 71' lang='lat' dir='ltr'><strong>t</strong></span> <span class='ocrx_word' id='word_1_279' title='bbox 631 3184 664 3235; x_wconf 92' lang='lat' dir='ltr'><strong>et</strong></span> <span class='ocrx_word' id='word_1_280' title='bbox 683 3175 724 3250; x_wconf 69' lang='lat' dir='ltr'><strong>h,</strong></span> <span class='ocrx_word' id='word_1_281' title='bbox 746 3172 816 3238; x_wconf 88' lang='lat' dir='ltr'><strong>siue</strong></span> <span class='ocrx_word' id='word_1_282' title='bbox 838 3169 915 3236; x_wconf 86' lang='lat' dir='ltr'><strong>laidi</strong></span> <span class='ocrx_word' id='word_1_283' title='bbox 937 3184 970 3240; x_wconf 88' lang='lat' dir='ltr'><strong>et</strong></span> <span class='ocrx_word' id='word_1_284' title='bbox 991 3170 1081 3239; x_wconf 86' lang='lat' dir='ltr'><strong>lloro</strong></span> <span class='ocrx_word' id='word_1_285' title='bbox 1104 3188 1215 3240; x_wconf 88' lang='lat' dir='ltr'><strong>contra</strong></span> <span class='ocrx_word' id='word_1_286' title='bbox 1234 3175 1422 3264; x_wconf 76' lang='lat' dir='ltr'><strong>Typhonem</strong></span> <span class='ocrx_word' id='word_1_287' title='bbox 1444 3177 1674 3267; x_wconf 84' lang='lat' dir='ltr'><strong>pugnantibus,</strong></span> <span class='ocrx_word' id='word_1_288' title='bbox 1696 3179 1902 3244; x_wconf 86' lang='lat' dir='ltr'><strong>conueniunt.</strong></span> 
     </span>
    </p>
   </div>
   <div class='ocr_carea' id='block_1_4' title="bbox 1116 3399 1637 3498">
    <p class='ocr_par' dir='ltr' id='par_1_5' title="bbox 1116 3399 1637 3498">
     <span class='ocr_line' id='line_1_24' title="bbox 1116 3399 1637 3498; baseline 0.004 -26"><span class='ocrx_word' id='word_1_289' title='bbox 1116 3399 1178 3472; x_wconf 87' lang='lat' dir='ltr'><strong>lv.</strong></span> <span class='ocrx_word' id='word_1_290' title='bbox 1212 3401 1340 3476; x_wconf 80' lang='lat' dir='ltr'><strong>Ps&#39;sces</strong></span> <span class='ocrx_word' id='word_1_291' title='bbox 1368 3411 1410 3474; x_wconf 77' lang='lat' dir='ltr'><strong>ct</strong></span> <span class='ocrx_word' id='word_1_292' title='bbox 1433 3401 1637 3498; x_wconf 68' lang='lat' dir='ltr'><strong>conchylia.</strong></span> 
     </span>
    </p>
   </div>
   <div class='ocr_carea' id='block_1_5' title="bbox 466 3537 2312 5390">
    <p class='ocr_par' dir='ltr' id='par_1_6' title="bbox 466 3537 2303 4223">
     <span class='ocr_line' id='line_1_25' title="bbox 550 3537 2300 3646; baseline -0.002 -26"><span class='ocrx_word' id='word_1_293' title='bbox 550 3537 724 3621; x_wconf 68' lang='lat' dir='ltr'><strong>Angustia,</strong></span> <span class='ocrx_word' id='word_1_294' title='bbox 746 3539 884 3624; x_wconf 63' lang='grc' dir='ltr'><strong>ἆνκέλῑτ,</strong></span> <span class='ocrx_word' id='word_1_295' title='bbox 910 3561 1085 3646; x_wconf 67' lang='lat' dir='ltr'><strong>qomct</strong></span> <span class='ocrx_word' id='word_1_296' title='bbox 1104 3548 1321 3632; x_wconf 78' lang='lat' dir='ltr'><strong>(muraenal),</strong></span> <span class='ocrx_word' id='word_1_297' title='bbox 1343 3552 1378 3618; x_wconf 61' lang='grc' dir='ltr'><em>ὦ</em></span> <span class='ocrx_word' id='word_1_298' title='bbox 1397 3564 1452 3615; x_wconf 91' lang='lat' dir='ltr'><strong>aut</strong></span> <span class='ocrx_word' id='word_1_299' title='bbox 1472 3551 1497 3634; x_wconf 75' lang='grc'><strong>1)</strong></span> <span class='ocrx_word' id='word_1_300' title='bbox 1521 3549 1693 3639; x_wconf 77' lang='lat' dir='ltr'><strong>significat.</strong></span> <span class='ocrx_word' id='word_1_301' title='bbox 1720 3549 1835 3616; x_wconf 84' lang='lat' dir='ltr'><strong>&#39;l&#39;redit</strong></span> <span class='ocrx_word' id='word_1_302' title='bbox 1850 3556 1933 3618; x_wconf 88' lang='lat' dir='ltr'><strong>eninr</strong></span> <span class='ocrx_word' id='word_1_303' title='bbox 1951 3549 2131 3638; x_wconf 85' lang='lat' dir='ltr'><strong>llorepollo</strong></span> <span class='ocrx_word' id='word_1_304' title='bbox 2146 3551 2300 3635; x_wconf 80' lang='grc' dir='ltr'><strong>(Ι.103.),</strong></span> 
     </span>
     <span class='ocr_line' id='line_1_26' title="bbox 467 3655 2302 3755; baseline 0.007 -31"><span class='ocrx_word' id='word_1_305' title='bbox 467 3655 659 3745; x_wconf 76' lang='lat' dir='ltr'><strong>anguillam,</strong></span> <span class='ocrx_word' id='word_1_306' title='bbox 688 3675 771 3743; x_wconf 81' lang='lat' dir='ltr'><strong>qnae</strong></span> <span class='ocrx_word' id='word_1_307' title='bbox 792 3655 882 3723; x_wconf 91' lang='lat' dir='ltr'><strong>nullo</strong></span> <span class='ocrx_word' id='word_1_308' title='bbox 911 3681 982 3724; x_wconf 88' lang='lat' dir='ltr'><strong>cum</strong></span> <span class='ocrx_word' id='word_1_309' title='bbox 1005 3659 1068 3726; x_wconf 88' lang='lat' dir='ltr'><strong>elio</strong></span> <span class='ocrx_word' id='word_1_310' title='bbox 1090 3667 1177 3750; x_wconf 86' lang='lat' dir='ltr'><strong>pisce</strong></span> <span class='ocrx_word' id='word_1_311' title='bbox 1206 3671 1429 3734; x_wconf 86' lang='lat' dir='ltr'><strong>commercium</strong></span> <span class='ocrx_word' id='word_1_312' title='bbox 1453 3668 1592 3752; x_wconf 86' lang='lat' dir='ltr'><strong>haheat,</strong></span> <span class='ocrx_word' id='word_1_313' title='bbox 1621 3671 1807 3754; x_wconf 85' lang='lat' dir='ltr'><strong>exprimere</strong></span> <span class='ocrx_word' id='word_1_314' title='bbox 1829 3663 1954 3755; x_wconf 85' lang='lat' dir='ltr'><strong>(deum)</strong></span> <span class='ocrx_word' id='word_1_315' title='bbox 1968 3668 2302 3738; x_wconf 81' lang='lat' dir='ltr'><strong>&#39;omuibusinfestum</strong></span> 
     </span>
     <span class='ocr_line' id='line_1_27' title="bbox 466 3772 2303 3874; baseline 0.007 -35"><span class='ocrx_word' id='word_1_316' title='bbox 466 3772 610 3860; x_wconf 70' lang='grc' dir='ltr'><strong>(ἐχθρω)</strong></span> <span class='ocrx_word' id='word_1_317' title='bbox 632 3785 665 3836; x_wconf 92' lang='lat' dir='ltr'><strong>et</strong></span> <span class='ocrx_word' id='word_1_318' title='bbox 683 3786 860 3840; x_wconf 91' lang='lat' dir='ltr'><strong>ceterorum</strong></span> <span class='ocrx_word' id='word_1_319' title='bbox 883 3783 1079 3846; x_wconf 85' lang='lat' dir='ltr'><strong>consortium</strong></span> <span class='ocrx_word' id='word_1_320' title='bbox 1100 3782 1278 3868; x_wconf 80' lang='lat' dir='ltr'><strong>fngiemem</strong></span> <span class='ocrx_word' id='word_1_321' title='bbox 1301 3785 1614 3870; x_wconf 72' lang='grc' dir='ltr'><strong>(ἅπεσχοινισμινον).</strong></span> <span class='ocrx_word' id='word_1_322' title='bbox 1656 3783 1750 3861; x_wconf 83' lang='lat' dir='ltr'><strong>Quae</strong></span> <span class='ocrx_word' id='word_1_323' title='bbox 1773 3787 1939 3873; x_wconf 55' lang='lat' dir='ltr'><strong>quidemn</strong></span> <span class='ocrx_word' id='word_1_324' title='bbox 1962 3801 2058 3873; x_wconf 84' lang='lat' dir='ltr'><strong>atque</strong></span> <span class='ocrx_word' id='word_1_325' title='bbox 2080 3788 2113 3851; x_wconf 66' lang='grc' dir='ltr'><strong>θ’</strong></span> <span class='ocrx_word' id='word_1_326' title='bbox 2132 3802 2209 3853; x_wconf 90' lang='lat' dir='ltr'><strong>sunt</strong></span> <span class='ocrx_word' id='word_1_327' title='bbox 2226 3809 2303 3874; x_wconf 91' lang='lat' dir='ltr'><strong>pro·</strong></span> 
     </span>
     <span class='ocr_line' id='line_1_28' title="bbox 466 3884 2301 3987; baseline 0.009 -33"><span class='ocrx_word' id='word_1_328' title='bbox 466 3892 632 3977; x_wconf 76' lang='lat' dir='ltr'><strong>prietates.</strong></span> <span class='ocrx_word' id='word_1_329' title='bbox 674 3884 790 3955; x_wconf 79' lang='lat' dir='ltr'><strong>&#39;tradit</strong></span> <span class='ocrx_word' id='word_1_330' title='bbox 812 3907 920 3959; x_wconf 89' lang='lat' dir='ltr'><strong>autem</strong></span> <span class='ocrx_word' id='word_1_331' title='bbox 941 3895 1096 3963; x_wconf 86' lang='lat' dir='ltr'><strong>Aelianus</strong></span> <span class='ocrx_word' id='word_1_332' title='bbox 1115 3899 1470 3983; x_wconf 65' lang='lat' dir='ltr'><strong>&lt;V111.·-4.x1v.s.),</strong></span> <span class='ocrx_word' id='word_1_333' title='bbox 1495 3900 1671 3987; x_wconf 78' lang='lat' dir='ltr'><strong>anguillam</strong></span> <span class='ocrx_word' id='word_1_334' title='bbox 1686 3901 1805 3968; x_wconf 87' lang='lat' dir='ltr'><strong>haberi</strong></span> <span class='ocrx_word' id='word_1_335' title='bbox 1827 3915 2027 3968; x_wconf 88' lang='lat' dir='ltr'><strong>mansuetem</strong></span> <span class='ocrx_word' id='word_1_336' title='bbox 2048 3906 2083 3968; x_wconf 95' lang='lat' dir='ltr'><strong>in</strong></span> <span class='ocrx_word' id='word_1_337' title='bbox 2106 3904 2197 3968; x_wconf 79' lang='lat' dir='ltr'><strong>fonte</strong></span> <span class='ocrx_word' id='word_1_338' title='bbox 2219 3904 2301 3970; x_wconf 85' lang='lat' dir='ltr'><strong>Are-</strong></span> 
     </span>
     <span class='ocr_line' id='line_1_29' title="bbox 468 4006 2301 4116; baseline 0.006 -44"><span class='ocrx_word' id='word_1_339' title='bbox 468 4006 582 4072; x_wconf 85' lang='lat' dir='ltr'><strong>thnsne</strong></span> <span class='ocrx_word' id='word_1_340' title='bbox 602 4023 736 4090; x_wconf 83' lang='lat' dir='ltr'><strong>eamque</strong></span> <span class='ocrx_word' id='word_1_341' title='bbox 750 4006 1042 4095; x_wconf 81' lang='lat' dir='ltr'><strong>frequentissimam</strong></span> <span class='ocrx_word' id='word_1_342' title='bbox 1062 4017 1198 4101; x_wconf 88' lang='lat' dir='ltr'><strong>reperiri</strong></span> <span class='ocrx_word' id='word_1_343' title='bbox 1216 4019 1248 4082; x_wconf 93' lang='lat' dir='ltr'><strong>in</strong></span> <span class='ocrx_word' id='word_1_344' title='bbox 1264 4017 1395 4082; x_wconf 88' lang='lat' dir='ltr'><strong>flumine</strong></span> <span class='ocrx_word' id='word_1_345' title='bbox 1411 4017 1562 4096; x_wconf 85' lang='lat' dir='ltr'><strong>Eridano,</strong></span> <span class='ocrx_word' id='word_1_346' title='bbox 1580 4041 1663 4106; x_wconf 87' lang='lat' dir='ltr'><strong>quae</strong></span> <span class='ocrx_word' id='word_1_347' title='bbox 1683 4007 1759 4085; x_wconf 82' lang='lat' dir='ltr'><strong>sunt</strong></span> <span class='ocrx_word' id='word_1_348' title='bbox 1779 4026 1810 4087; x_wconf 66' lang='lat' dir='ltr'><strong>c*</strong></span> <span class='ocrx_word' id='word_1_349' title='bbox 1827 4042 1946 4116; x_wconf 80' lang='lat' dir='ltr'><strong>pquae.</strong></span> <span class='ocrx_word' id='word_1_350' title='bbox 1992 4021 2049 4085; x_wconf 86' lang='lat' dir='ltr'><strong>Ex</strong></span> <span class='ocrx_word' id='word_1_351' title='bbox 2065 4043 2129 4108; x_wconf 88' lang='lat' dir='ltr'><strong>quo</strong></span> <span class='ocrx_word' id='word_1_352' title='bbox 2145 4023 2301 4107; x_wconf 88' lang='lat' dir='ltr'><strong>sequitur,</strong></span> 
     </span>
     <span class='ocr_line' id='line_1_30' title="bbox 467 4119 1977 4223; baseline 0.011 -35"><span class='ocrx_word' id='word_1_353' title='bbox 467 4119 644 4209; x_wconf 76' lang='lat' dir='ltr'><strong>anguillam</strong></span> <span class='ocrx_word' id='word_1_354' title='bbox 666 4123 697 4185; x_wconf 64' lang='lat' dir='ltr'><strong>c*</strong></span> <span class='ocrx_word' id='word_1_355' title='bbox 719 4126 827 4208; x_wconf 88' lang='lat' dir='ltr'><strong>petius</strong></span> <span class='ocrx_word' id='word_1_356' title='bbox 852 4133 1034 4195; x_wconf 90' lang='lat' dir='ltr'><strong>conuenire.</strong></span> <span class='ocrx_word' id='word_1_357' title='bbox 1077 4131 1112 4196; x_wconf 84' lang='lat' dir='ltr'><strong>Si</strong></span> <span class='ocrx_word' id='word_1_358' title='bbox 1133 4147 1219 4198; x_wconf 89' lang='lat' dir='ltr'><strong>recte</strong></span> <span class='ocrx_word' id='word_1_359' title='bbox 1242 4133 1383 4216; x_wconf 87' lang='lat' dir='ltr'><strong>memini,</strong></span> <span class='ocrx_word' id='word_1_360' title='bbox 1407 4133 1550 4220; x_wconf 85' lang='lat' dir='ltr'><strong>anguilla</strong></span> <span class='ocrx_word' id='word_1_361' title='bbox 1571 4135 1626 4200; x_wconf 82' lang='lat' dir='ltr'><strong>Sei</strong></span> <span class='ocrx_word' id='word_1_362' title='bbox 1648 4135 1813 4202; x_wconf 88' lang='lat' dir='ltr'><strong>colebatur</strong></span> <span class='ocrx_word' id='word_1_363' title='bbox 1834 4140 1887 4218; x_wconf 76' lang='lat' dir='ltr'><strong>(m</strong></span> <span class='ocrx_word' id='word_1_364' title='bbox 1915 4140 1977 4223; x_wconf 59' lang='grc' dir='ltr'><strong>ὦ).</strong></span> 
     </span>
    </p>

    <p class='ocr_par' dir='ltr' id='par_1_7' title="bbox 469 4234 2311 4689">
     <span class='ocr_line' id='line_1_31' title="bbox 553 4234 2307 4340; baseline 0.009 -40"><span class='ocrx_word' id='word_1_365' title='bbox 553 4234 711 4316; x_wconf 80' lang='lat' dir='ltr'><strong>Carolus,</strong></span> <span class='ocrx_word' id='word_1_366' title='bbox 733 4249 905 4328; x_wconf 77' lang='grc' dir='ltr'><strong><em>καραβους,</em></strong></span> <span class='ocrx_word' id='word_1_367' title='bbox 929 4251 960 4312; x_wconf 67' lang='grc' dir='ltr'><strong>α’</strong></span> <span class='ocrx_word' id='word_1_368' title='bbox 984 4246 1152 4334; x_wconf 87' lang='lat' dir='ltr'><strong>designare</strong></span> <span class='ocrx_word' id='word_1_369' title='bbox 1174 4251 1311 4315; x_wconf 89' lang='lat' dir='ltr'><strong>videtur.</strong></span> <span class='ocrx_word' id='word_1_370' title='bbox 1354 4248 1510 4315; x_wconf 89' lang='lat' dir='ltr'><strong>Aelianus</strong></span> <span class='ocrx_word' id='word_1_371' title='bbox 1532 4251 1575 4340; x_wconf 93' lang='grc' dir='ltr'><strong>(Ι.</strong></span> <span class='ocrx_word' id='word_1_372' title='bbox 1591 4256 1657 4336; x_wconf 83' lang='grc'><strong>32.)</strong></span> <span class='ocrx_word' id='word_1_373' title='bbox 1679 4255 1773 4336; x_wconf 88' lang='lat' dir='ltr'><strong>dicit,</strong></span> <span class='ocrx_word' id='word_1_374' title='bbox 1795 4254 1857 4318; x_wconf 88' lang='lat' dir='ltr'><strong>hoc</strong></span> <span class='ocrx_word' id='word_1_375' title='bbox 1878 4252 1997 4318; x_wconf 85' lang='lat' dir='ltr'><strong>animal</strong></span> <span class='ocrx_word' id='word_1_376' title='bbox 2019 4273 2090 4318; x_wconf 91' lang='lat' dir='ltr'><strong>cnm</strong></span> <span class='ocrx_word' id='word_1_377' title='bbox 2113 4249 2184 4312; x_wconf 89' lang='lat' dir='ltr'><strong>eliis</strong></span> <span class='ocrx_word' id='word_1_378' title='bbox 2212 4251 2236 4332; x_wconf 76' lang='grc'><strong>1)</strong></span> <span class='ocrx_word' id='word_1_379' title='bbox 2268 4267 2307 4316; x_wconf 91' lang='lat' dir='ltr'><strong>et</strong></span> 
     </span>
     <span class='ocr_line' id='line_1_32' title="bbox 476 4341 2309 4458; baseline 0.007 -39"><span class='ocrx_word' id='word_1_380' title='bbox 476 4363 505 4426; x_wconf 65' lang='grc' dir='ltr'><strong>θ’</strong></span> <span class='ocrx_word' id='word_1_381' title='bbox 533 4352 723 4421; x_wconf 86' lang='lat' dir='ltr'><strong>animalibus</strong></span> <span class='ocrx_word' id='word_1_382' title='bbox 745 4380 910 4445; x_wconf 86' lang='lat' dir='ltr'><strong>pugnare,</strong></span> <span class='ocrx_word' id='word_1_383' title='bbox 929 4363 1079 4428; x_wconf 89' lang='lat' dir='ltr'><strong>cornibus</strong></span> <span class='ocrx_word' id='word_1_384' title='bbox 1101 4366 1145 4452; x_wconf 32' lang='lat' dir='ltr'><strong>ad,</strong></span> <span class='ocrx_word' id='word_1_385' title='bbox 1163 4369 1272 4431; x_wconf 88' lang='lat' dir='ltr'><strong>arietis</strong></span> <span class='ocrx_word' id='word_1_386' title='bbox 1292 4365 1356 4452; x_wconf 71' lang='grc' dir='ltr'><strong>(δ’)</strong></span> <span class='ocrx_word' id='word_1_387' title='bbox 1381 4369 1483 4432; x_wconf 85' lang='lat' dir='ltr'><strong>instar</strong></span> <span class='ocrx_word' id='word_1_388' title='bbox 1506 4341 1668 4453; x_wconf 88' lang='lat' dir='ltr'><strong>adhibitis,</strong></span> <span class='ocrx_word' id='word_1_389' title='bbox 1688 4369 1877 4458; x_wconf 85' lang='lat' dir='ltr'><strong>praesertim</strong></span> <span class='ocrx_word' id='word_1_390' title='bbox 1896 4391 1975 4436; x_wconf 80' lang='lat' dir='ltr'><strong>vero</strong></span> <span class='ocrx_word' id='word_1_391' title='bbox 1990 4364 2157 4433; x_wconf 86' lang='lat' dir='ltr'><strong>iracundie</strong></span> <span class='ocrx_word' id='word_1_392' title='bbox 2173 4363 2309 4451; x_wconf 78' lang='lat' dir='ltr'><strong>furens,</strong></span> 
     </span>
     <span class='ocr_line' id='line_1_33' title="bbox 469 4471 2311 4575; baseline 0.005 -37"><span class='ocrx_word' id='word_1_393' title='bbox 469 4477 571 4538; x_wconf 89' lang='lat' dir='ltr'><strong>iratae</strong></span> <span class='ocrx_word' id='word_1_394' title='bbox 591 4471 736 4537; x_wconf 89' lang='lat' dir='ltr'><strong>mulieris</strong></span> <span class='ocrx_word' id='word_1_395' title='bbox 756 4477 868 4560; x_wconf 86' lang='lat' dir='ltr'><strong>instar,</strong></span> <span class='ocrx_word' id='word_1_396' title='bbox 890 4500 1076 4560; x_wconf 84' lang='lat' dir='ltr'><strong>muraenam</strong></span> <span class='ocrx_word' id='word_1_397' title='bbox 1099 4483 1232 4568; x_wconf 86' lang='lat' dir='ltr'><strong>aggredi</strong></span> <span class='ocrx_word' id='word_1_398' title='bbox 1255 4496 1288 4548; x_wconf 92' lang='lat' dir='ltr'><strong>et</strong></span> <span class='ocrx_word' id='word_1_399' title='bbox 1308 4483 1502 4551; x_wconf 87' lang='lat' dir='ltr'><strong>interficere.</strong></span> <span class='ocrx_word' id='word_1_400' title='bbox 1541 4486 1726 4575; x_wconf 82' lang='lat' dir='ltr'><strong>llorepollo</strong></span> <span class='ocrx_word' id='word_1_401' title='bbox 1753 4487 1811 4574; x_wconf 91' lang='grc' dir='ltr'><strong>(Π.</strong></span> <span class='ocrx_word' id='word_1_402' title='bbox 1830 4489 1915 4570; x_wconf 84' lang='grc'><strong>106.)</strong></span> <span class='ocrx_word' id='word_1_403' title='bbox 1939 4485 2045 4566; x_wconf 83' lang='lat' dir='ltr'><strong>tradit,</strong></span> <span class='ocrx_word' id='word_1_404' title='bbox 2068 4479 2223 4546; x_wconf 86' lang='lat' dir='ltr'><strong>carabum</strong></span> <span class='ocrx_word' id='word_1_405' title='bbox 2244 4505 2311 4568; x_wconf 88' lang='lat' dir='ltr'><strong>po·</strong></span> 
     </span>
     <span class='ocr_line' id='line_1_34' title="bbox 471 4588 2310 4689; baseline 0.008 -39"><span class='ocrx_word' id='word_1_406' title='bbox 471 4588 554 4674; x_wconf 84' lang='lat' dir='ltr'><strong>lypis</strong></span> <span class='ocrx_word' id='word_1_407' title='bbox 575 4591 745 4674; x_wconf 84' lang='lat' dir='ltr'><strong>imperare,</strong></span> <span class='ocrx_word' id='word_1_408' title='bbox 764 4612 867 4680; x_wconf 84' lang='lat' dir='ltr'><strong>eoque</strong></span> <span class='ocrx_word' id='word_1_409' title='bbox 884 4618 993 4684; x_wconf 89' lang='lat' dir='ltr'><strong>regem</strong></span> <span class='ocrx_word' id='word_1_410' title='bbox 1015 4617 1094 4662; x_wconf 88' lang='lat' dir='ltr'><strong>aueo</strong></span> <span class='ocrx_word' id='word_1_411' title='bbox 1112 4601 1234 4664; x_wconf 88' lang='lat' dir='ltr'><strong>nationi</strong></span> <span class='ocrx_word' id='word_1_412' title='bbox 1248 4604 1460 4689; x_wconf 87' lang='lat' dir='ltr'><strong>imperantem</strong></span> <span class='ocrx_word' id='word_1_413' title='bbox 1476 4605 1631 4689; x_wconf 85' lang='lat' dir='ltr'><strong>exprimi.</strong></span> <span class='ocrx_word' id='word_1_414' title='bbox 1672 4602 1764 4682; x_wconf 82' lang='lat' dir='ltr'><strong>Quae</strong></span> <span class='ocrx_word' id='word_1_415' title='bbox 1785 4607 1891 4669; x_wconf 87' lang='lat' dir='ltr'><strong>omnia</strong></span> <span class='ocrx_word' id='word_1_416' title='bbox 1911 4604 2030 4688; x_wconf 88' lang='lat' dir='ltr'><strong>optime</strong></span> <span class='ocrx_word' id='word_1_417' title='bbox 2047 4605 2078 4667; x_wconf 67' lang='lat' dir='ltr'><strong>d*</strong></span> <span class='ocrx_word' id='word_1_418' title='bbox 2093 4601 2310 4666; x_wconf 82' lang='lat' dir='ltr'><strong>conueniunt.</strong></span> 
     </span>
    </p>

    <p class='ocr_par' dir='ltr' id='par_1_8' title="bbox 468 4697 2312 5390">
     <span class='ocr_line' id='line_1_35' title="bbox 556 4697 2312 4809; baseline 0.004 -34"><span class='ocrx_word' id='word_1_419' title='bbox 556 4697 748 4786; x_wconf 69' lang='lat' dir='ltr'><strong>Delpdt‘sss,</strong></span> <span class='ocrx_word' id='word_1_420' title='bbox 771 4709 895 4794; x_wconf 72' lang='lat' dir='ltr'><strong>delore,</strong></span> <span class='ocrx_word' id='word_1_421' title='bbox 917 4721 945 4797; x_wconf 76' lang='lat' dir='ltr'><strong>tp</strong></span> <span class='ocrx_word' id='word_1_422' title='bbox 968 4729 1001 4779; x_wconf 89' lang='lat' dir='ltr'><strong>et</strong></span> <span class='ocrx_word' id='word_1_423' title='bbox 1024 4711 1061 4784; x_wconf 77' lang='grc' dir='ltr'>Θ</span> <span class='ocrx_word' id='word_1_424' title='bbox 1079 4713 1271 4799; x_wconf 82' lang='lat' dir='ltr'><strong>symbolum.</strong></span> <span class='ocrx_word' id='word_1_425' title='bbox 1312 4717 1470 4784; x_wconf 75' lang='lat' dir='ltr'><strong>zodiacus</strong></span> <span class='ocrx_word' id='word_1_426' title='bbox 1493 4721 1580 4784; x_wconf 90' lang='lat' dir='ltr'><strong>enim</strong></span> <span class='ocrx_word' id='word_1_427' title='bbox 1604 4725 1754 4809; x_wconf 88' lang='lat' dir='ltr'><strong>antiquus</strong></span> <span class='ocrx_word' id='word_1_428' title='bbox 1779 4721 1912 4804; x_wconf 71' lang='lat' dir='ltr'><strong>(Krene.</strong></span> <span class='ocrx_word' id='word_1_429' title='bbox 1926 4716 2040 4804; x_wconf 82' lang='lat' dir='ltr'><strong>Symb.</strong></span> <span class='ocrx_word' id='word_1_430' title='bbox 2054 4714 2139 4781; x_wconf 80' lang='lat' dir='ltr'><strong>st.</strong></span> <span class='ocrx_word' id='word_1_431' title='bbox 2155 4715 2312 4804; x_wconf 83' lang='lat' dir='ltr'><strong>XLIX.)</strong></span> 
     </span>
     <span class='ocr_line' id='line_1_36' title="bbox 470 4816 2310 4923; baseline 0.01 -41"><span class='ocrx_word' id='word_1_432' title='bbox 470 4816 639 4905; x_wconf 90' lang='lat' dir='ltr'><strong>delphinos</strong></span> <span class='ocrx_word' id='word_1_433' title='bbox 659 4817 758 4882; x_wconf 87' lang='lat' dir='ltr'><strong>habet</strong></span> <span class='ocrx_word' id='word_1_434' title='bbox 777 4843 837 4909; x_wconf 92' lang='lat' dir='ltr'><strong>pro</strong></span> <span class='ocrx_word' id='word_1_435' title='bbox 858 4825 1083 4918; x_wconf 87' lang='lat' dir='ltr'><strong>0eoodespota</strong></span> <span class='ocrx_word' id='word_1_436' title='bbox 1104 4835 1189 4919; x_wconf 89' lang='lat' dir='ltr'><strong>signi</strong></span> <span class='ocrx_word' id='word_1_437' title='bbox 1210 4840 1248 4912; x_wconf 65' lang='grc' dir='ltr'><strong>Χ.</strong></span> <span class='ocrx_word' id='word_1_438' title='bbox 1291 4835 1376 4902; x_wconf 90' lang='lat' dir='ltr'><strong>Hinc</strong></span> <span class='ocrx_word' id='word_1_439' title='bbox 1397 4835 1553 4902; x_wconf 85' lang='lat' dir='ltr'><strong>Aelianus</strong></span> <span class='ocrx_word' id='word_1_440' title='bbox 1582 4839 1677 4921; x_wconf 82' lang='lat' dir='ltr'><strong>(XV.</strong></span> <span class='ocrx_word' id='word_1_441' title='bbox 1695 4840 1763 4922; x_wconf 87' lang='grc'><strong>17.)</strong></span> <span class='ocrx_word' id='word_1_442' title='bbox 1784 4859 1904 4904; x_wconf 84' lang='lat' dir='ltr'><strong>eorum.</strong></span> <span class='ocrx_word' id='word_1_443' title='bbox 1922 4836 2089 4923; x_wconf 86' lang='lat' dir='ltr'><strong>praedicat</strong></span> <span class='ocrx_word' id='word_1_444' title='bbox 2109 4853 2181 4897; x_wconf 90' lang='lat' dir='ltr'><strong>curn</strong></span> <span class='ocrx_word' id='word_1_445' title='bbox 2205 4832 2310 4900; x_wconf 86' lang='lat' dir='ltr'><strong>leone</strong></span> 
     </span>
     <span class='ocr_line' id='line_1_37' title="bbox 468 4934 2310 5043; baseline 0.01 -46"><span class='ocrx_word' id='word_1_446' title='bbox 468 4936 534 5018; x_wconf 82' lang='grc' dir='ltr'><strong>(Θ)</strong></span> <span class='ocrx_word' id='word_1_447' title='bbox 556 4935 757 5002; x_wconf 82' lang='lat' dir='ltr'><strong>affinitatem.</strong></span> <span class='ocrx_word' id='word_1_448' title='bbox 801 4934 896 5014; x_wconf 80' lang='lat' dir='ltr'><strong>Quod</strong></span> <span class='ocrx_word' id='word_1_449' title='bbox 923 4966 1001 5010; x_wconf 84' lang='lat' dir='ltr'><strong>vero</strong></span> <span class='ocrx_word' id='word_1_450' title='bbox 1022 4951 1057 5014; x_wconf 93' lang='lat' dir='ltr'><strong>in</strong></span> <span class='ocrx_word' id='word_1_451' title='bbox 1078 4956 1294 5018; x_wconf 87' lang='lat' dir='ltr'><strong>monumentis</strong></span> <span class='ocrx_word' id='word_1_452' title='bbox 1317 4953 1682 5041; x_wconf 83' lang='lat' dir='ltr'><strong>Graeco-Aegyptiacis</strong></span> <span class='ocrx_word' id='word_1_453' title='bbox 1704 4955 1874 5043; x_wconf 87' lang='lat' dir='ltr'><strong>delphinus</strong></span> <span class='ocrx_word' id='word_1_454' title='bbox 1895 4957 1993 5019; x_wconf 83' lang='lat' dir='ltr'><strong>iuxta</strong></span> <span class='ocrx_word' id='word_1_455' title='bbox 2014 4949 2123 5017; x_wconf 87' lang='lat' dir='ltr'><strong>Nilum</strong></span> <span class='ocrx_word' id='word_1_456' title='bbox 2147 4947 2212 5033; x_wconf 76' lang='grc' dir='ltr'><strong>(Θ)</strong></span> <span class='ocrx_word' id='word_1_457' title='bbox 2234 4955 2310 5036; x_wconf 93' lang='lat' dir='ltr'><strong>pin·</strong></span> 
     </span>
     <span class='ocr_line' id='line_1_38' title="bbox 469 5051 2309 5159; baseline 0.004 -39"><span class='ocrx_word' id='word_1_458' title='bbox 469 5051 556 5135; x_wconf 71' lang='lat' dir='ltr'><strong>gitur</strong></span> <span class='ocrx_word' id='word_1_459' title='bbox 572 5065 677 5137; x_wconf 79' lang='lat' dir='ltr'><strong>etque,</strong></span> <span class='ocrx_word' id='word_1_460' title='bbox 693 5051 804 5120; x_wconf 89' lang='lat' dir='ltr'><strong>Nilum</strong></span> <span class='ocrx_word' id='word_1_461' title='bbox 818 5057 1025 5145; x_wconf 86' lang='lat' dir='ltr'><strong>adscendens,</strong></span> <span class='ocrx_word' id='word_1_462' title='bbox 1041 5087 1113 5132; x_wconf 90' lang='lat' dir='ltr'><strong>curn</strong></span> <span class='ocrx_word' id='word_1_463' title='bbox 1128 5069 1296 5139; x_wconf 81' lang='lat' dir='ltr'><strong>crocodilis</strong></span> <span class='ocrx_word' id='word_1_464' title='bbox 1309 5073 1375 5159; x_wconf 69' lang='grc'><strong>(1))</strong></span> <span class='ocrx_word' id='word_1_465' title='bbox 1390 5089 1536 5159; x_wconf 86' lang='lat' dir='ltr'><strong>pugnare</strong></span> <span class='ocrx_word' id='word_1_466' title='bbox 1550 5071 1665 5134; x_wconf 88' lang='lat' dir='ltr'><strong>dicitur</strong></span> <span class='ocrx_word' id='word_1_467' title='bbox 1677 5071 1808 5153; x_wconf 81' lang='lat' dir='ltr'><strong>(Strabo</strong></span> <span class='ocrx_word' id='word_1_468' title='bbox 1816 5070 1922 5156; x_wconf 90' lang='lat' dir='ltr'><strong>Xl.p.</strong></span> <span class='ocrx_word' id='word_1_469' title='bbox 1930 5075 2006 5136; x_wconf 78' lang='grc'><strong>7811.</strong></span> <span class='ocrx_word' id='word_1_470' title='bbox 2016 5068 2138 5134; x_wconf 79' lang='lat' dir='ltr'><strong>Seneca</strong></span> <span class='ocrx_word' id='word_1_471' title='bbox 2145 5063 2209 5131; x_wconf 78' lang='lat' dir='ltr'><strong>lv,</strong></span> <span class='ocrx_word' id='word_1_472' title='bbox 2220 5069 2309 5151; x_wconf 83' lang='lat' dir='ltr'><strong>rt.);</strong></span> 
     </span>
     <span class='ocr_line' id='line_1_39' title="bbox 470 5167 2310 5274; baseline 0.013 -42"><span class='ocrx_word' id='word_1_473' title='bbox 470 5188 515 5232; x_wconf 85' lang='lat' dir='ltr'><strong>ex</strong></span> <span class='ocrx_word' id='word_1_474' title='bbox 536 5186 575 5231; x_wconf 92' lang='lat' dir='ltr'><strong>eo</strong></span> <span class='ocrx_word' id='word_1_475' title='bbox 596 5167 717 5232; x_wconf 89' lang='lat' dir='ltr'><strong>clerum</strong></span> <span class='ocrx_word' id='word_1_476' title='bbox 740 5186 808 5255; x_wconf 87' lang='lat' dir='ltr'><strong>est,</strong></span> <span class='ocrx_word' id='word_1_477' title='bbox 842 5195 915 5242; x_wconf 87' lang='lat' dir='ltr'><strong>euro</strong></span> <span class='ocrx_word' id='word_1_478' title='bbox 938 5181 1034 5246; x_wconf 89' lang='lat' dir='ltr'><strong>etiam</strong></span> <span class='ocrx_word' id='word_1_479' title='bbox 1056 5187 1092 5260; x_wconf 84' lang='grc' dir='ltr'>Θ</span> <span class='ocrx_word' id='word_1_480' title='bbox 1116 5205 1242 5252; x_wconf 89' lang='lat' dir='ltr'><strong>sacrum</strong></span> <span class='ocrx_word' id='word_1_481' title='bbox 1262 5188 1372 5254; x_wconf 70' lang='lat' dir='ltr'><strong>lubae.</strong></span> <span class='ocrx_word' id='word_1_482' title='bbox 1416 5187 1570 5253; x_wconf 84' lang='lat' dir='ltr'><strong>Ceterum</strong></span> <span class='ocrx_word' id='word_1_483' title='bbox 1593 5185 1762 5272; x_wconf 89' lang='lat' dir='ltr'><strong>delphinus</strong></span> <span class='ocrx_word' id='word_1_484' title='bbox 1784 5185 1929 5274; x_wconf 87' lang='lat' dir='ltr'><strong>Neptuni</strong></span> <span class='ocrx_word' id='word_1_485' title='bbox 1949 5188 1991 5272; x_wconf 73' lang='lat' dir='ltr'><strong>(tt</strong></span> <span class='ocrx_word' id='word_1_486' title='bbox 2007 5191 2051 5268; x_wconf 69' lang='grc' dir='ltr'><strong>Χ)</strong></span> <span class='ocrx_word' id='word_1_487' title='bbox 2076 5196 2310 5249; x_wconf 66' lang='lat' dir='ltr'><strong>statutorum</strong></span> 
     </span>
     <span class='ocr_line' id='line_1_40' title="bbox 471 5283 1612 5390; baseline 0.014 -40"><span class='ocrx_word' id='word_1_488' title='bbox 471 5298 540 5351; x_wconf 88' lang='lat' dir='ltr'><strong>erat</strong></span> <span class='ocrx_word' id='word_1_489' title='bbox 558 5283 750 5370; x_wconf 85' lang='lat' dir='ltr'><strong>symbolum,</strong></span> <span class='ocrx_word' id='word_1_490' title='bbox 774 5291 829 5374; x_wconf 84' lang='lat' dir='ltr'><strong>qui</strong></span> <span class='ocrx_word' id='word_1_491' title='bbox 851 5291 979 5376; x_wconf 85' lang='lat' dir='ltr'><strong>quidem</strong></span> <span class='ocrx_word' id='word_1_492' title='bbox 1005 5303 1040 5375; x_wconf 55' lang='grc' dir='ltr'>η</span> <span class='ocrx_word' id='word_1_493' title='bbox 1066 5301 1150 5364; x_wconf 87' lang='lat' dir='ltr'><strong>sacri</strong></span> <span class='ocrx_word' id='word_1_494' title='bbox 1171 5316 1263 5368; x_wconf 90' lang='lat' dir='ltr'><strong>orent</strong></span> <span class='ocrx_word' id='word_1_495' title='bbox 1281 5301 1327 5387; x_wconf 90' lang='lat' dir='ltr'><strong>(l.</strong></span> <span class='ocrx_word' id='word_1_496' title='bbox 1341 5304 1433 5382; x_wconf 70' lang='grc' dir='ltr'><strong>ΜΒ.</strong></span> <span class='ocrx_word' id='word_1_497' title='bbox 1451 5323 1526 5390; x_wconf 87' lang='lat' dir='ltr'><strong>pag.</strong></span> <span class='ocrx_word' id='word_1_498' title='bbox 1534 5303 1612 5388; x_wconf 85' lang='lat'><strong>6⁰.).</strong></span> 
     </span>
    </p>
   </div>
   <div class='ocr_carea' id='block_1_6' title="bbox 0 0 2481 6100">
    <p class='ocr_par' dir='ltr' id='par_1_9' title="bbox 0 0 2481 6100">
     <span class='ocr_line' id='line_1_41' title="bbox 0 0 2481 6100; baseline 0 0"><span class='ocrx_word' id='word_1_499' title='bbox 0 0 2481 6100; x_wconf 95' lang='lat' dir='ltr'><strong> </strong></span> 
     </span>
    </p>
   </div>
  </div>
 </body>
</html>
