4896 6096
823 795 855 860 d.
896 789 1082 876 Euentus,
1112 787 1358 863 Conds'tsimes.

170 957 271 1020 forma
640 951 798 1024 bonorum
819 955 1001 1020 consecutio
1105 951 1310 1040 pulchritudo
1570 961 1687 1024 mentis
1708 959 1905 1044 perturbatio

168 1059 322 1142 gaudium
639 1074 757 1138 magna
780 1052 884 1140 gloria
1104 1054 1272 1124 libidinum
1286 1057 1476 1143 cupiditates
1569 1064 1676 1125 mania

169 1163 233 1224 irae
312 1145 321 1168 ⁰
639 1155 802 1238 potentia,
827 1177 960 1242 regnum
1147 1157 1199 1242 (F.
1217 1163 1295 1222 233·
1569 1161 1780 1226 melancholia

170 1265 405 1326 assentationes
637 1255 811 1340 praepositi
835 1257 1036 1344 popularium
1103 1279 1220 1344 corpus
1243 1259 1407 1324 humidum
1569 1262 1724 1350 epilepsia

170 1365 332 1428 mendacia
637 1357 801 1421 metuendi
831 1379 903 1424 cnm
935 1359 1074 1425 beneuo-
1103 1357 1231 1426 dolores
1252 1363 1396 1448 corporis
1567 1368 1664 1429 tusssi

168 1465 344 1530 delationes
680 1458 782 1524 lentis
1102 1465 1221 1528 roscius
1565 1471 1787 1553 praecipitatio

168 1567 307 1630 edacitas
638 1576 791 1628 venustas
812 1564 908 1630 faciei
930 1563 979 1650 (F.
1000 1570 1072 1643 141)
1103 1563 1217 1630 tubera
1237 1568 1351 1651 capitia

168 1669 300 1730 diuitiae
634 1661 816 1730 amabilitas
1101 1665 1423 1732 cordisetcardinnm
1432 1666 1534 1736 morbi

775 1857 807 1924 5.
842 1851 1045 1952 impertiam
1073 1863 1113 1924 et
1129 1856 1399 1952 patronicium.

172 2017 431 2102 primaspbaera,
452 2018 604 2102 proxima
631 2027 742 2098 pectus
763 2015 839 2098 (5)
1095 2015 1205 2102 legum
1229 2017 1367 2085 cultores
1549 2019 1618 2093 ¹bas
1650 2020 1763 2102 (Saltu.
1795 2031 1869 2091 62³.
1903 2027 1992 2094 Vett.

155 2160 160 2168 ·
213 2135 312 2184 terrae
477 2201 480 2208 .
629 2127 745 2202 gustus
1095 2119 1274 2206 artiumque
1602 2119 1691 2204 vat.)

171 2237 279 2287 ventus
302 2221 432 2286 Africus
455 2217 528 2304 (Εὖ)
630 2215 806 2304 deglutitus
1094 2217 1238 2305 religiosi
1559 2227 1720 2289 narcissus

167 2324 234 2389 loca
248 2324 435 2410 magnentia
450 2319 600 2391 atduan·
627 2319 811 2387 stomachus
912 2343 920 2358 ·
1093 2319 1194 2386 sobrii
1559 2345 1657 2411 sapor
1678 2347 1751 2390 scer
1773 2343 1806 2392 et

207 2430 250 2489 tia
271 2445 400 2512 quoque
628 2435 742 2486 venter
1092 2421 1212 2488 literati
1601 2427 1705 2492 salsus

167 2527 304 2590 homines
325 2525 504 2590 mediocres
626 2522 796 2588 mulierum
817 2523 965 2610 pudenda
1093 2523 1234 2589 artifices
1559 2542 1727 2612 argentum

169 2631 311 2692 sinistrae
328 2631 474 2714 corporis
490 2639 600 2714 partes
627 2639 746 2689 matres
1093 2629 1169 2690 uani
1191 2641 1224 2690 et
1557 2631 1673 2693 vitrum
1712 2691 1715 2698 ,

205 2753 312 2798 ornnes
628 2729 721 2792 auiae
1093 2725 1220 2813 gibbosi
1243 2729 1292 2804 (F.
1316 2733 1394 2808 236)
1556 2729 1645 2794 color
1668 2729 1759 2794 albus
1780 2745 1811 2794 et

167 2833 270 2898 oculus
292 2835 419 2897 sinister
627 2830 764 2894 maiores
786 2849 914 2892 sorores
1092 2829 1245 2894 animalia
1267 2833 1415 2914 aquatica
1556 2829 1742 2896 leucotheon

831 3093 951 3102 ...-—.--
967 3093 1094 3100 ——u--a-
1109 3093 1322 3102 .-.ι-Μ-

1001 3298 1036 3415 i.
1074 3306 1140 3386 5-1.

492 3463 564 3548 De
600 3462 875 3547 affinitate
908 3463 1335 3571 planetariorum
1371 3465 1657 3570 numinum.

251 3673 298 3738 Ex
328 3670 496 3738 adtributis
528 3675 692 3736 narninum
729 3671 996 3758 planetariorum,
1035 3693 1117 3758 quae
1147 3674 1211 3736 iam
1241 3693 1286 3735 ex
1317 3686 1462 3738 veterum
1498 3677 1624 3760 seriptis
1660 3673 1867 3760 collegimus,
1904 3677 1985 3740 satis

161 3807 305 3880 apparet,
329 3791 410 3856 alios
429 3789 579 3878 planetas
599 3788 695 3875 plane
716 3791 802 3853 lntar
823 3809 859 3853 ae
882 3789 1012 3853 differre
1034 3802 1067 3854 et
1090 3791 1289 3874 discrepare,
1312 3787 1394 3856 alios
1419 3791 1653 3856 namssitudins
1672 3789 1810 3876 quadam
1828 3788 1984 3858 staffin-

157 3927 220 3978 tate
241 3915 323 3977 inter
348 3932 386 3976 se
415 3910 576 3996 coniungi.
626 3906 709 3974 Sunt
740 3911 825 3975 enim
855 3909 941 3974 vires
970 3907 1146 3994 quaedam,
1179 3919 1245 3974 tum
1277 3907 1459 3990 naturales,
1492 3921 1557 3972 tum
1587 3906 1745 3990 morales,
1776 3923 1808 3972 et
1837 3909 1982 3991 effectus,

157 4033 357 4118 magisteria,
387 4040 421 4090 et
441 4023 520 4108 alia,
550 4045 632 4112 quaa
660 4023 744 4090 binis
772 4027 933 4110 ternisque
954 4027 1101 4112 personis
1126 4026 1347 4092 astronomicis
1375 4023 1607 4089 adscribantur.
1657 4023 1743 4102 Quin
1775 4039 1807 4090 et
1833 4027 1984 4092 animalia

158 4147 262 4214 eadam
287 4147 453 4212 uurmnum
477 4143 676 4208 diuersorum
698 4141 844 4226 symbola
867 4163 938 4208 asse
960 4143 1138 4208 traduntur.
1180 4141 1234 4205 Sic
1260 4141 1284 4226 ᾖ
1310 4155 1343 4206 et
1363 4145 1399 4216 d
1420 4143 1532 4208 eadem
1550 4143 1682 4226 malitia,
1710 4151 1734 4222 ῼ
1762 4141 1983 4226 erstanden

158 4266 277 4330 bonitas
306 4268 339 4328 in
370 4263 557 4326 uniuersum
589 4256 792 4329 adscribitur.
844 4259 965 4328 Eadem
995 4262 1122 4346 aucipia
1152 4281 1236 4324 nunc
1270 4275 1310 4340 a,
1340 4280 1423 4324 nunc
1450 4269 1474 4343 ῼ
1499 4261 1640 4348 gaudent
1661 4259 1855 4344 patrocinio,
1886 4273 1981 4346 atque

161 4381 278 4448 locusta
301 4377 485 4467 siguificat,
517 4391 553 4440 vt
574 4375 699 4458 dicunt,
733 4391 801 4441 tum
827 4379 870 4464 i),
893 4390 959 4441 tum
981 4380 1019 4454 ἃ.
1069 4375 1160 4441 llaec
1188 4389 1293 4441 autem
1324 4381 1537 4442 astronomiae
1566 4373 1761 4458 symbolicae
1789 4375 1982 4464 ambiguitas

165 4513 195 4560 et
215 4495 403 4585 amphibolia
424 4515 529 4581 neque
550 4515 570 4556 a
593 4493 720 4558 diuerso
742 4495 932 4580 scriptorum
956 4497 1086 4580 ingenio
1109 4508 1142 4558 et
1165 4496 1289 4558 ratione
1312 4493 1483 4580 peculiari,
1508 4513 1610 4577 neque
1632 4514 1653 4555 a
1674 4505 1854 4578 temporum
1875 4499 1980 4560 varie-

163 4631 225 4678 tate
244 4617 375 4680 deriuari
397 4626 514 4698 potest.
558 4609 687 4674 Etenim
711 4625 876 4692 auctores,
902 4632 982 4698 quos
1006 4608 1224 4693 laudauimus,
1259 4611 1416 4674 eiusmodi
1444 4611 1476 4672 in
1500 4611 1678 4695 praeceptis
1705 4630 1816 4674 omues
1841 4614 1923 4677 iuter
1946 4637 1981 4678 se

162 4735 368 4812 consentiunt,
390 4745 506 4815 atque,
527 4729 674 4814 quarnuis
694 4741 801 4794 aetate
822 4728 951 4810 diuersi,
975 4751 1087 4796 omnes
1109 4729 1287 4816 Aegyptios
1311 4727 1482 4811 magistros
1504 4747 1622 4812 eosque
1645 4729 1893 4812 antiquissimos,
1916 4733 1980 4794 imo

93 4911 98 4922 ,
160 4852 364 4912 astronomiae
387 4861 545 4927 auctores,
565 4859 601 4908 vt
622 4846 685 4932 ipsi
706 4843 910 4931 profitentur,
934 4848 1035 4911 secuti
1057 4859 1142 4911 suut.
1177 4842 1282 4918 Quam
1300 4840 1425 4907 obrem
1446 4844 1614 4909 credamus
1635 4867 1766 4910 necesse
1786 4859 1846 4925 est,
1871 4835 1981 4909 reram

159 4986 197 5028 ac
218 4965 380 5050 genuinam
404 4985 475 5028 esse
497 4961 731 5051 Aegyptiorum
753 4965 930 5044 rationem,
959 4985 1021 5050 qna
1044 4959 1207 5026 adtributa
1228 4959 1384 5044 quaedam
1411 4959 1558 5047 pluribus
1585 4966 1733 5048 personia
1761 4965 1982 5028 astronomicis

155 5081 330 5146 communia
348 5077 520 5144 habentur.
562 5076 670 5154 Quum
692 5079 777 5144 baud
802 5082 916 5166 exigui
941 5081 1096 5144 momenti
1124 5079 1165 5142 ait
1193 5099 1307 5161 noma,
1337 5099 1420 5166 qaae
1449 5082 1579 5144 numina
1608 5078 1870 5165 apotelesmatiaa
1896 5081 1981 5144 iuter

153 5221 187 5262 se
212 5193 320 5260 affinia
340 5199 405 5262 sint
426 5210 459 5260 et
480 5193 669 5282 quibusnam
690 5199 724 5262 in
750 5196 847 5262 mbas
875 5195 926 5261 vel
949 5195 1093 5281 partibas
1116 5199 1333 5271 consentinam
1362 5194 1489 5264 iuuabit
1517 5197 1599 5262 banc
1629 5216 1791 5282 apponere
1815 5195 1977 5278 tabellam

155 5337 171 5376 e
190 5311 407 5399 superioribus
427 5323 653 5378 tonsuratum.
1556 5409 1572 5473 ¹

1592 5416 1612 5472 2
