4896 6096
967 533 1331 615 -135-

226 734 311 798 idem
341 729 452 794 accidit
479 731 518 804 Θ
543 740 576 792 et
605 732 653 811 lt,
683 728 834 813 qtrcniam
861 733 895 807 2t
920 725 1053 791 totidem
1084 731 1176 794 annis
1204 729 1363 814 percurrit
1384 727 1576 830 Ζοάἱιαοιιιιιξ
1607 741 1687 815 quot
1710 726 1874 794 mensibus
1902 725 1950 798 Θ.
1993 691 2062 792 lem

227 857 346 926 veco2
372 847 412 913 sd
435 845 572 910 eundem
602 850 680 922 ιΘ
701 841 807 908 locum
829 844 912 910 redit
936 842 1069 909 totidem
1098 848 1224 910 circiter
1245 848 1451 932 septimanis,
1473 857 1551 933 quot
1573 844 1686 912 diebus
1709 847 1829 912 mensis
1850 843 1965 911 solaris
1987 866 2061 909 cou-
2105 817 2108 838 ¹

225 980 303 1042 stat,
325 967 476 1030 nimirum
497 968 550 1028 30.
593 959 670 1026 Huc
693 961 817 1026 accedit
836 959 1018 1026 simillimus
1043 977 1067 1043 y
1094 974 1127 1027 et
1155 960 1177 1030 2
1204 963 1364 1051 splendor.
1538 965 1540 971 ‘

302 1111 425 1195 Mene',
457 1117 579 1196 Μηνη,
611 1109 834 1195 »significat
879 1107 988 1186 Quum
1010 1108 1105 1176 Luna
1128 1127 1298 1200 putaretur
1321 1112 1650 1180 masculo-lenticius
1669 1110 1765 1196 (Plut.
1785 1111 1830 1176 Is.
1846 1109 1955 1197 368.);
1984 1111 2059 1175 inde

223 1231 447 1318 explicandum
476 1228 624 1308 videtur,
654 1229 739 1314 quod
764 1231 788 1294 h
813 1226 894 1292 alias
914 1231 1012 1311 Mne,
1045 1225 1126 1294 alias
1147 1233 1247 1314 Μηνη
1276 1244 1423 1296 vocatur.
1473 1227 1559 1294 Hinc
1579 1232 1711 1296 uomina
1732 1227 2060 1295 masculo-feminina
2118 1233 2119 1236 ’

223 1352 305 1437 regis
327 1325 566 1434 Aegyptiorum
591 1347 690 1430 primi
723 1356 819 1431 etque
851 1342 930 1408 deae
958 1343 1080 1410 Mensis
1110 1346 1332 1434 (Orph.1.x.
1356 1345 1422 1436 [8.]
1445 1345 1674 1426 v.4.,x1.11.
1697 1345 1786 1434 [tt]
1810 1347 1901 1431 v.4).
1949 1344 2058 1423 Quum

224 1487 295 1531 rero
318 1466 453 1529 surmus
475 1465 578 1549 signis
596 1463 782 1547 praeposita
799 1457 971 1546 splenetis
988 1459 1186 1538 dicerentur;
1209 1464 1306 1529 Mene
1329 1467 1428 1528 etiam
1452 1471 1504 1547 ἦ,
1526 1468 1577 1530 cui
1599 1477 1709 1551 praest
1730 1468 1769 1545 I),
1792 1465 1901 1528 vocari
1921 1463 2058 1528 videtur.

223 1581 321 1664 Hinc,
345 1585 470 1651 curn)
499 1581 535 1642 ia
556 1576 686 1665 singulis
708 1578 811 1662 signis
840 1579 970 1640 nominc
993 1581 1158 1644 numinum
1189 1579 1324 1667 singulis
1353 1583 1454 1666 siguis
1484 1585 1742 1668 praepositorum
1773 1593 1932 1655 assumat;
1961 1575 2057 1643 Mene

223 1701 369 1767 etiam)
400 1698 551 1782 insigne
576 1699 621 1777 h,
647 1698 671 1759 l.
694 1716 723 1760 e.
749 1701 789 1772 Ξ
820 1691 1003 1780 significare
1033 1677 1170 1760 ridetur.
1223 1696 1321 1764 Certe
1348 1697 1445 1764 Mene
1474 1697 1661 1786 plerumque
1691 1717 1749 1783 pro
1778 1699 1881 1762 mensi
1909 1693 2057 1770 hahetur,
2123 1709 2126 1718 ⁴

222 1833 351 1880 menses
370 1833 450 1876 vero
468 1811 589 1901 periodi
610 1810 800 1878 canicularis
818 1831 837 1874 a
854 1815 894 1892 h,
912 1813 946 1875 in
970 1819 1009 1890 ἦ
1032 1812 1160 1876 domina
1178 1819 1364 1894 constitute,
1383 1818 1548 1902 incipiunt.
1576 1813 1771 1900 Porphyrius
1793 1811 1897 1900 (Anu.
1916 1809 2056 1896 Nymph.

224 1956 255 2016 p.
270 1935 347 1994 264.
372 1927 493 2014 Ceut),
523 1913 727 2014 Aegyptiis,¹
749 1930 869 2014 inquit,
901 1932 1031 1993 initium
1061 1935 1146 1994 unni
1176 1951 1242 1996 non
1276 1931 1445 2021 Aquarius
1473 1940 1542 2009 est,
1571 1937 1608 1994 ot
1628 1929 1804 2012 Romanis,
1832 1929 1891 1994 sed
1918 1927 2055 1991 Cancer.

225 2047 331 2130 stupe
351 2043 508 2112 Cancrum
536 2057 646 2112 uertens
677 2055 725 2110 cst
752 2041 881 2122 sustu,
915 2065 1009 2132 quarn
1039 2045 1166 2114 Graeci
1188 2055 1282 2114 canis
1309 2047 1438 2114 stellam
1469 2047 1593 2112 dicunt.
1644 2043 1693 2110 Er
1712 2051 1825 2130 primo
1846 2049 1964 2110 mensis
1986 2042 2056 2106 dies

225 2168 303 2249 ipsis
323 2171 373 2225 est
395 2159 532 2226 sortem
553 2172 665 2240 ortus,
689 2167 746 2248 qus·
763 2167 993 2246 generationis
1013 2165 1127 2230 mundi
1147 2166 1240 2230 ducit
1259 2170 1397 2231 autnon.
1441 2160 1550 2240 Quum
1569 2163 1648 2230 deae
1668 2163 1808 2229 leminea
1826 2160 1935 2249 figura
1955 2158 2058 2244 finge·

223 2293 349 2361 matur,
379 2279 474 2346 lunae
501 2301 579 2344 vero
608 2279 767 2367 figura)
799 2281 998 2365 exprimeret
1021 2279 1187 2368 (Clemens
1211 2281 1253 2350 A.
1273 2281 1391 2348 Strom.
1414 2281 1457 2348 V.
1476 2279 1589 2367 555.);
1619 2280 1747 2348 ridetur
1778 2279 1875 2346 Mene
1905 2274 2058 2363 symbolis

224 2397 335 2464 Lunae
352 2399 490 2484 propriis
512 2417 671 2482 expressa
691 2395 803 2460 fuisse.

305 2530 496 2608 tilenariis,
519 2533 706 2612 Μενουθις,
732 2535 757 2615 ῼ
779 2551 958 2618 cognomen
979 2553 1050 2598 esse
1070 2535 1209 2600 ridetur.
1253 2535 1380 2600 Dicitur
1405 2537 1490 2600 enim
1513 2531 1699 2611 Monuthis,
1722 2551 1817 2615 quarn
1839 2525 2057 2595 Eumenuthin

219 2649 422 2738 Epiphanius
440 2646 592 2736 appellat,
615 2665 702 2712 vxor
720 2645 855 2730 Cacobi,
878 2670 943 2712 vno
959 2669 1030 2714 curn
1051 2649 1201 2718 Menelao
1224 2651 1343 2718 ebello
1364 2648 1508 2715 'l'roieuo
1531 2649 1667 2729 reducis,
1691 2645 1776 2730 apud
1797 2640 1923 2708 Cauobi
1944 2639 2057 2704 vrbem

218 2789 282 2832 eum
305 2767 423 2831 manto
446 2765 619 2830 interiecta
640 2769 737 2852 atque
757 2777 986 2850 postmortem
1006 2769 1040 2832 in
1060 2767 1141 2833 vrbe
1159 2766 1308 2836 Menothi
1324 2766 1411 2830 haud
1429 2764 1542 2852 procul
1563 2761 1604 2828 ah
1624 2759 1828 2826 Alexandria
1848 2757 1934 2822 culta
1954 2755 2055 2820 fuisse
2177 2817 2178 2820 ,

216 2885 388 2972 (Epiphan.
412 2884 479 2972 Op.
498 2882 542 2948 Τ.
557 2881 601 2947 ll.
622 2904 655 2967 p.
674 2885 746 2946 109.
768 2881 867 2964 Pet).
914 2882 1064 2950 Vidimus
1086 2898 1210 2964 autem,
1240 2880 1408 2947 Canobum
1426 2878 1613 2969 siguificare
1632 2876 1719 2942 haud
1741 2874 1837 2940 dubie
1868 2875 1913 2957 li,
1941 2871 2055 2938 Mene·

212 3005 301 3068 laum
323 3011 380 3084 Θ,
414 2973 692 3092 accessumhauis
715 2997 858 3064 Menelai
880 3001 921 3066 sd
952 3014 1133 3065 extremam
1155 3000 1297 3086 Aegypti
1316 2975 1442 3085 partem
1464 3019 1543 3062 vero
1566 3015 1694 3061 cursura
1717 3001 1752 3072 Θ
1774 3013 1934 3074 annuum,
1956 3011 2057 3077 prae-

210 3123 325 3187 sertim
349 3117 387 3188 Θ
409 3139 571 3182 accessum
594 3117 634 3180 ad
664 3115 837 3184 solstitium
861 3117 1041 3183 hibernum.
1084 3115 1151 3182 Sub
1176 3115 1349 3182 solstitium
1380 3115 1510 3210 quidem
1532 3112 1701 3178 hibernum
1724 3109 1864 3178 interfici
1884 3109 1998 3174 dicitur
2021 3111 2056 3182 Θ

212 3258 292 3303 cum
320 3229 492 3298 comitibus
513 3235 603 3308 suis,
631 3236 682 3320 qui
703 3255 781 3298 sane
811 3247 887 3299 sunt
917 3235 940 3316 ἕ
972 3246 1004 3298 et
1027 3235 1066 3315 2.
1116 3233 1226 3319 Ergo,
1255 3244 1291 3298 vt
1313 3230 1466 3297 Canobus
1494 3235 1541 3312 ti,
1564 3209 1618 3294 'ita
1638 3229 1804 3296 Menothis
1826 3203 1860 3313 ξ’
1874 3220 2056 3315 significare

211 3353 365 3418 videtur.
416 3345 686 3422 Quemadmodum
706 3355 748 3435 2,
777 3353 825 3416 ita
853 3363 887 3414 et
907 3349 1073 3417 Menuthis
1102 3344 1279 3416 masculino
1311 3370 1431 3436 genere
1454 3345 1611 3426 hebetur,
1641 3359 1679 3412 vt
1700 3347 1865 3413 Menutbis
1891 3347 1943 3410 vir
1972 3336 2058 3427 apud

212 3453 621 3552 Georgium'(Frig.10h.
643 3465 749 3535 Theb.
772 3467 913 3564 Praelat.
940 3491 972 3556 p.
988 3465 1156 3553 XXVII).
1198 3466 1325 3532 Deinde
1348 3437 1420 3531 chm
1439 3463 1607 3531 Menutlris
1628 3464 1718 3528 vicus
1740 3464 1856 3539 fuerit,
1886 3455 2057 3543 respondet

210 3587 328 3657 Herio
350 3585 393 3664 2,
422 3596 514 3670 etque
540 3586 602 3649 sita
623 3585 685 3650 luit
707 3605 822 3650 versus
843 3585 1037 3650 occidentem
1060 3606 1080 3647 a
1101 3581 1234 3648 Canobo
1256 3582 1343 3649 baud
1364 3580 1476 3667 procul
1497 3578 1539 3646 ab
1559 3579 1760 3646 Alexandria
1790 3563 2056 3661 (duodeciacus

210 3701 301 3771 crde
325 3701 435 3786 lupide
448 3721 552 3786 prope
574 3702 685 3788 litus).
728 3700 851 3789 Vtique
872 3701 950 3767 ordo
969 3702 1145 3767 Horiorum
1160 3704 1195 3764 in
1222 3705 1270 3779 ἦ,
1293 3697 1450 3785 adquam
1471 3695 1625 3764 Canobus
1645 3693 1861 3760 etMenuthis
1881 3688 2053 3778 pertineat,

210 3825 268 3888 hic
294 3831 361 3884 est:
388 3823 413 3902 ξ
441 3823 473 3897 24
496 3823 520 3895 2
547 3817 644 3904 (Tab.
659 3818 688 3884 1.
708 3822 778 3898 κ).
823 3817 993 3900 Ceterum‚
1025 3837 1123 3910 quum
1145 3816 1309 3910 Menothis
1331 3818 1495 3882 deriuatur
1520 3837 1540 3880 e
1563 3805 1771 3908 cta-aoy}
1791 3829 1906 3878 anons
1927 3804 2053 3882 Iouem,

211 3937 262 4005 rel
287 3933 421 4016 Deos,
444 3934 525 3999 haec
545 3935 623 4001 sane
645 3937 750 4000 virtus
771 3934 916 4022 (religio)
940 3945 964 4020 9
985 3933 1177 4002 adscribitur
1198 3934 1237 4023 (l.
1260 3936 1352 4012 §.aa
1374 3958 1405 4022 p.
1414 3935 1492 4014 64.).

294 4084 468 4164 Mothites,
488 4088 636 4169 Medum,
663 4086 689 4168 2
712 4082 896 4172 significare
917 4083 1057 4164 videtur,
1080 4101 1137 4153 aut
1160 4089 1235 4158 ltin
1258 4091 1282 4164 ῼ
1311 4083 1472 4148 dominiis.
1514 4079 1706 4148 Plutarchus
1730 4083 1790 4165 (le.
1816 4084 1898 4159 3⁷4.)
1921 4068 2053 4142 Itidem,

220 4208 335 4292 inquit,
358 4201 542 4288 aliquando
566 4199 724 4267 Meiducr
745 4205 997 4286 cognominant,
1028 4204 1114 4290 quod
1133 4182 1247 4270 acmen
1269 4207 1469 4288 compactum
1491 4210 1543 4264 est
1562 4218 1608 4266 cr
1621 4201 1723 4285 pleno
1746 4205 1782 4258 et
1801 4190 1934 4256 causali
1950 4185 1997 4272 (is
2019 4206 2053 4248 re

222 4343 273 4383 sco
291 4325 431 4404 πληρονς
454 4343 505 4382 sor
523 4342 582 4383 soe
602 4319 728 4402 cirron).
770 4317 889 4386 Isidem
910 4320 1040 4408 quidem
1064 4332 1098 4386 et
1118 4329 1153 4402 ῼ,
1174 4333 1207 4384 et
1231 4315 1469 4406 magnificare,
1490 4339 1588 4403 supra
1610 4314 1758 4379 vidimus.
1801 4307 1952 4374 Methuer
1971 4320 2050 4368 vero

224 4437 389 4502 secundum
403 4433 615 4505 Plutarchum
635 4447 759 4524 constat
779 4435 888 4503 verbis
909 4457 997 4530 Meg
1014 4437 1199 4524 plenitudo,
1222 4436 1277 4503 vel
1294 4454 1408 4528 Μεῧτ
1423 4434 1569 4520 plenum,
1591 4445 1685 4516 etque
1706 4448 1781 4535 alp,
1801 4444 1910 4533 arpa,
1932 4438 2051 4524 ογηρ,

210 4551 357 4633 facere,
373 4551 555 4637 proficere,
576 4569 691 4630 nosos,
712 4572 781 4618 cer.
825 4552 1104 4630 Quemadmodum
1126 4569 1235 4623 autem
1257 4560 1295 4638 Θ
1316 4557 1351 4619 ia
1373 4554 1474 4639 siguis
1491 4551 1617 4629 uernis,
1639 4551 1812 4634 praecipue
1833 4549 1868 4612 ia
1894 4551 1925 4625 8
1955 4559 2052 4605 voca·

215 4685 270 4734 ‘¹¹¹
294 4668 448 4751 Afflerlfl,
473 4687 692 4774 trip-oystp,
723 4666 836 4734 Herus
861 4693 1001 4758 oerrtus,
1036 4678 1084 4742 ita
1112 4687 1146 4738 et
1171 4675 1197 4741 h
1222 4676 1256 4738 iu
1285 4671 1395 4736 vernis
1418 4669 1520 4752 signis
1546 4667 1737 4752 praesertim
1765 4669 1800 4731 in
1833 4673 1864 4747 8
1900 4657 2051 4740 Methuer

208 4805 470 4890 ΜΕετ-ογῊρ
496 4784 672 4872 plenitudo
699 4791 787 4850 ueris
816 4788 871 4853 vel
897 4811 1003 4856 cerno
1025 4790 1181 4878 appellari
1201 4801 1339 4876 poteret.
1383 4784 1480 4850 Certe
1501 4784 1580 4864 leis,
1611 4797 1678 4849 tum
1707 4790 1754 4864 b,
1782 4798 1851 4849 turn
1873 4784 1914 4865 2,
1942 4791 2049 4840 rerum

206 4906 359 4968 omnium
379 4906 527 4991 genitrix
547 4915 580 4966 et
599 4901 892 4988 origehebebetur
913 4907 955 4994 (1.
977 4910 1132 4987 §.stoa
1154 4929 1187 4992 p.
1197 4909 1249 4970 64.
1259 4907 1311 4968 66.
1333 4900 1475 4968 labloos.
1496 4899 1612 4968 Pauth.
1633 4901 1674 4968 L.
1683 4900 1744 4968 ΙΙΙ.
1766 4897 1888 4988 p.21.).

302 5047 423 5132 Most,
447 5055 572 5132 Move,
594 5057 616 5127 2
639 5064 696 5116 eut
720 5053 747 5120 h
775 5073 965 5140 cognomen.
1007 5053 1123 5120 Tradit
1145 5055 1230 5118 enim
1250 5051 1441 5118 Plutarchus
1463 5051 1519 5138 (ts.
1536 5057 1645 5132 374.),
1672 5049 1795 5114 Isidem
1814 5047 1880 5112 dici
1901 5053 2049 5108 nonnun-

204 5189 309 5254 qrruss
330 5163 444 5245 Mart,
466 5187 552 5254 quae
571 5185 641 5230 coa
661 5176 797 5236 murrea
818 5171 980 5256 designet.
1022 5170 1145 5258 Vtique
1163 5188 1270 5266 ΜΔγ,
1291 5169 1346 5235 vel
1366 5188 1490 5266 ΜΛῪἾ·
1509 5174 1716 5245 nutrientem,
1737 5174 1871 5230 sorren
1891 5157 2048 5239 designet·

204 5287 316 5396 Forte
333 5285 431 5354 Muth
455 5284 669 5352 detinendum
690 5301 740 5354 est
759 5311 779 5355 a
798 5309 977 5387 ΜΔγ-θο
994 5299 1100 5358 aare
1119 5299 1231 5372 terra,
1252 5311 1316 5377 quo
1335 5289 1421 5356 iacto
1439 5287 1536 5357 Mutlr
1557 5308 1622 5353 uon
1643 5285 1750 5353 differt
1772 5281 1812 5349 ab
1833 5277 1918 5347 Iside
1941 5286 2046 5338 terrae
