4896 6096
893 529 1258 611 -llt—

163 747 290 805 mum,
314 699 512 808 ‘Hpuroron
561 716 746 784 Vulcanum
778 739 857 784 uero
895 731 1024 786 veteres
1057 721 1247 810 plemmqus
1279 725 1377 800 Φθας
1409 726 1674 812 interpretantur.
1726 730 1862 811 Suidas,
1894 735 2001 816 didus,

164 844 273 930 iuquit,
293 835 309 908 d
326 836 517 924 Ἥφαιστος
536 859 625 921 παρα
647 837 847 923 Μεμφιταις.
889 833 1097 904 lamblicbius
1117 841 1225 926 (myst.
1245 839 1340 906 v111.
1361 841 1463 929 c‚8.):
1484 842 1725 930 Aegyptiorum
1746 846 1854 914 Plato
1880 848 2006 915 Graeci

130 959 136 968 '
165 967 275 1026 verast
298 953 492 1023 Vulcanius.
535 952 632 1040 Apud
655 951 905 1018 Eratosthenem
928 957 1149 1041 Χομοιφθας,
1178 939 1387 1044 Χωμαιφθας
1408 955 1677 1060 (ημῃλιψψ)
1708 963 1891 1050 explicatur
1910 986 2002 1031 qun.

164 1078 228 1142 dun
250 1093 360 1140 uass
387 1069 581 1145 Vulcanum
612 1071 761 1156 Σιφωας,
790 1071 924 1157 Sepias
950 1065 1122 1172 (pgr-(M)
1149 1095 1231 1141 vern
1260 1075 1329 1151 υἷος
1347 1071 1540 1162 Ἡφαιστου.
1582 1078 1704 1147 Auctor
1727 1077 2002 1147 clementinorum

165 1191 349 1280 (Idom'IX.
371 1193 449 1272 §.a
470 1189 627 1275 p.tst.):
656 1185 834 1273 Aegyptii,
864 1189 986 1276 iuquit,
1015 1190 1168 1254 risttuer
1190 1197 1298 1276 ignes
1321 1193 1438 1277 lingua
1462 1215 1523 1258 rsa
1546 1193 1669 1262 Pbtbas
1690 1197 1884 1282 appellaret,
1917 1199 2002 1284 quod

167 1311 242 1376 iden
261 1317 310 1373 est
329 1328 371 1373 uc
397 1303 570 1370 Veteres·
594 1297 812 1389 (Hparorot.)
853 1302 1009 1372 Pisuetae
1036 1327 1117 1373 vero
1136 1307 1164 1384 ἃ
1183 1309 1269 1395 ignis
1289 1310 1451 1392 conuenit,
1474 1331 1574 1397 quare
1601 1335 1725 1398 respuat
1746 1328 1881 1380 vocatur
1902 1327 1999 1401 utque

167 1425 264 1492 colore
283 1424 422 1503 ntilse,
451 1427 564 1506 βαφης
585 1441 735 1504 nepaes,
770 1419 937 1506 piuysrpr,
968 1422 1074 1510 κιρῤος
1103 1445 1175 1490 esse
1195 1425 1311 1490 dicitur
1339 1424 1382 1512 (l.
1407 1431 1438 1506 θ.
1455 1433 1488 1492 4.
1509 1449 1542 1513 p.
1560 1429 1636 1512 tu).
1683 1429 1814 1496 Accedit
1835 1429 1998 1496 Diodorus

168 1543 202 1629 (I
226 1542 286 1626 ll.)
308 1541 430 1606 dimus.
473 1531 589 1618 Igneus
609 1531 651 1598 od
672 1531 853 1622 Aegyptus
878 1535 948 1602 diet
970 1537 1147 1606 Vulcatium
1171 1561 1236 1626 per
1262 1545 1572 1626 interpretationem
1601 1553 1635 1609 et
1663 1551 1768 1631 ipsust
1790 1551 1905 1632 siagrii
1927 1541 1998 1609 Des·

167 1665 243 1738 (nm
261 1655 401 1725 maximi
420 1651 484 1732 dei,
507 1651 560 1736 qni
579 1651 616 1720 Θ
637 1649 702 1737 est)
726 1651 799 1717 loco
820 1655 1052 1722 reserandus.
1097 1657 1188 1723 ldem
1209 1659 1396 1744 (pagii),
1417 1667 1511 1741 sest,
1532 1663 1649 1748 inquit,
1671 1667 1762 1725 ieter
1785 1661 1995 1742 Sacerdotes,

167 1782 223 1861 qui
246 1773 426 1839 Vsleusssr
436 1771 573 1854 prebere
591 1785 703 1851 regen
722 1767 892 1850 dictitant,
912 1777 1003 1858 ignis
1022 1765 1278 1839 inuentoren‘et
1298 1771 1457 1855 beneficio
1478 1771 1539 1839 loo
1557 1776 1784 1861 gubernacula
1796 1783 1898 1862 regni
1917 1797 1995 1842 cos·

171 1897 327 1956 emtas.
366 1883 478 1951 Narrat
506 1883 672 1950 Diodorus
701 1884 742 1966 (l.
763 1906 797 1972 p.
813 1886 903 1974 aa),
934 1909 1005 1954 cum
1034 1889 1191 1958 Sesostris
1212 1904 1413 1972 nasceretur,
1443 1895 1531 1979 patri
1552 1895 1622 1960 eius
1655 1893 1838 1962 Vulcanum
1867 1895 1942 1978 (ὃ)
1963 1895 1997 1956 in

174 2027 286 2073 menno
311 2004 405 2088 risum
432 2002 658 2091 praedixisse,
687 2023 823 2090 puemm
848 2007 913 2070 iem
936 2019 1048 2073 uatum
1071 2010 1170 2073 totius
1198 2003 1286 2074 orbis
1314 2009 1490 2074 dominium
1515 2008 1578 2074 sibi
1600 2010 1847 2076 vindicaturum.
1891 2007 1997 2075 Solius

175 2145 253 2191 vero
267 2121 368 2188 Mortis
389 2129 449 2202 est,
473 2142 536 2209 quo
557 2119 714 2186 Sesostris
736 2120 903 2206 excelluit,
927 2119 1047 2189 bellum
1067 2123 1111 2209 (l.
1135 2129 1228 2205 Μθ.
1250 2147 1326 2212 pag.
1336 2125 1403 2208 tt).
1448 2125 1541 2192 I‘lstc
1563 2129 1596 2192 in
1620 2125 1722 2193 Critin
1744 2131 1996 2215 (ptos-tta.

176 2241 276 2308 l’.lll.
293 2236 413 2305 VobII.
435 2241 675 2325 pito—tto.
704 2232 801 2321 Bels.)
823 2235 941 2304 diserte
963 2241 1081 2324 tradit,
1107 2240 1293 2308 Vulcanum
1315 2243 1428 2328 (deo)
1455 2255 1487 2306 et
1510 2242 1693 2312 Mineruam
1712 2242 1832 2328 (Nrpd)
1855 2243 1997 2309 eiusdem

175 2373 299 2426 naturae
317 2377 382 2428 seso
404 2351 598 2442 (Ηφαιστος
620 2355 657 2419 ds
672 2377 779 2440 sosrrpr
800 2383 851 2424 sut
866 2354 987 2442 'Adqra
1010 2381 1106 2444 φυσιν
1124 2358 1271 2444 ἔχοντες).
1301 2359 1449 2447 Vtraque
1463 2381 1603 2446 persona
1618 2374 1744 2446 patrem
1764 2358 1864 2426 babet
1885 2360 1995 2426 Iouem

173 2477 243 2564 (Θ),
266 2472 520 2564 quemadmodum
549 2470 607 2538 Sol
637 2470 723 2558 apud
743 2469 923 2560 Aegyptios
945 2470 1150 2560 planetarum
1170 2488 1264 2564 pater
1287 2489 1347 2543 est.
1395 2475 1545 2542 Miuema
1576 2479 1627 2564 (dl
1647 2478 1738 2562 lem.)
1765 2480 1837 2564 ipsa
1857 2477 1997 2543 Vulcani

172 2595 213 2680 (ὃ
231 2593 318 2678 ruas)
333 2613 422 2658 soror
437 2603 486 2656 est
506 2583 590 2672 (ripn
608 2611 666 2670 prr
688 2585 826 2674 ridsitppr
841 2589 877 2656 Is
899 2589 925 2656 τ’
943 2589 1043 2658 dureo
1066 2591 1208 2681 carpor).
1240 2593 1423 2681 Vtrumque
1444 2611 1563 2658 numen
1585 2606 1672 2660 artes
1695 2609 1728 2661 et
1749 2591 1887 2658 artificia
1904 2594 1996 2658 fouet

167 2709 242 2799 (ripa
261 2713 294 2776 sle
315 2713 487 2797 priscopup
510 2709 691 2794 prioregvrp
712 2727 745 2768 re
768 2705 820 2773 dus
839 2731 880 2771 ea
903 2705 984 2774 airu
1010 2709 1193 2792 iidorrer),
1225 2707 1491 2798 quemadmodum
1513 2713 1541 2788 ἃ
1560 2710 1691 2795 planeta
1714 2711 1799 2795 apud
1818 2710 1996 2794 Aegyptios

168 2828 204 2915 (l.
225 2828 252 2903 i.
266 2831 319 2892 49.
339 2849 373 2912 p.
388 2823 469 2907 tt.)
512 2819 588 2887 Nou
608 2819 714 2886 solum
734 2820 873 2889 Athenis
893 2823 927 2887 iu
950 2823 1078 2910 templis
1097 2823 1239 2890 Vulcani
1261 2841 1295 2891 et
1314 2825 1483 2890 Minemee
1504 2827 1680 2890 coniunctis
1707 2822 1868 2912 degebant
1888 2819 1992 2887 bella·

168 2961 261 3027 tores,
283 2945 339 3010 sed
357 2945 423 3030 ipsi
444 2942 544 3006 etism
565 2941 600 3002 in
625 2937 774 3025 Aegypto
795 2939 830 3004 in
852 2938 946 3004 domu
968 2943 1013 3020 3,
1041 2942 1111 3002 siue
1134 2937 1274 3004 Neitbae
1294 2943 1372 3024 (ἃ),
1395 2963 1478 3028 quae
1500 2954 1550 3008 est
1567 2941 1736 3023 Minerua,
1766 2942 1918 3006 nimimm
1937 2937 1994 3008 Sui

165 3059 333 3150 antiquitus
351 3057 536 3126 stationarii
557 3069 660 3121 eraut.
704 3055 772 3120 Soli
790 3075 870 3122 vero
890 3059 932 3140 &l
952 3052 1090 3138 bellum,
1121 3053 1258 3140 milites,
1288 3078 1397 3141 anua,
1426 3070 1459 3123 et
1481 3062 1584 3125 omnis
1606 3063 1735 3146 generis
1763 3057 1880 3124 bellice
1901 3077 1995 3122 sacra

165 3203 201 3245 ac
220 3181 348 3265 pmpria
363 3189 455 3242 erent
476 3173 527 3260 (I.
549 3177 647 3250 ΜΟ.
670 3173 786 3260 ptr).
829 3170 941 3254 Adde,
963 3173 1063 3236 etiam
1081 3171 1245 3237 decuriam
1267 3174 1302 3242 rrI
1326 3175 1387 3240 dici
1407 3177 1531 3260 Pbtbn,
1560 3178 1629 3243 sine
1650 3176 1722 3260 Pti,
1750 3169 1822 3272 spe)
1863 3173 1918 3240 sic
1939 3171 1994 3236 de·

167 3318 265 3364 canus
286 3296 318 3363 gt
341 3297 423 3370 in)<
440 3291 617 3377 appellatur
637 3289 795 3373 Pus-tro,
818 3289 935 3356 collato
957 3286 1116 3354 Ere-tto
1137 3310 1326 3375 synonymo,
1348 3292 1431 3379 quud
1454 3292 1615 3381 significat
1633 3277 1822 3381 proteruum
1843 3291 1883 3377 (1.
1903 3291 1995 3368 W·

166 3439 202 3503 p.
211 3417 265 3476 24.
284 3408 422 3496 uuiti).
465 3407 520 3471 Ex
539 3407 588 3472 bis
605 3411 714 3494 itaque
740 3406 831 3490 locis,
853 3429 936 3495 quse
955 3403 1107 3472 facillime
1132 3409 1297 3472 sexcentis
1318 3407 1391 3472 aliirs
1415 3413 1528 3494 augeri
1549 3413 1749 3497 potuissent,
1771 3412 1850 3475 satis
1872 3409 1996 3474 clarum

168 3553 207 3598 ec
232 3527 425 3615 perspicuum
447 3537 514 3602 est,
544 3524 777 3610 Aegyptiorum
800 3525 924 3605 l’btba,
957 3528 1027 3588 siue
1050 3519 1293 3608 Hephaestum,
1321 3523 1522 3610 Vulcanum,
1551 3528 1578 3604 ἃ
1606 3527 1771 3613 planetam
1800 3523 1994 3612 siguificare.

166 3649 210 3716 Et
229 3646 286 3711 boc
303 3664 415 3708 nomen
434 3645 523 3722 uto,
544 3654 582 3707 vt
600 3643 719 3706 rectius
737 3661 797 3728 pro
814 3642 914 3714 Φθας
931 3661 950 3702 a
967 3637 1130 3704 veteribus
1149 3637 1310 3723 scribitur,
1331 3641 1393 3706 nisi
1415 3645 1545 3730 egregie
1564 3641 1671 3722 fallor,
1692 3661 1805 3725 reapse
1826 3641 1991 3724 exprimit.

167 3767 253 3835 Nam
275 3765 354 3828 Φθα
373 3757 570 3844 Aegyptiace
591 3757 741 3826 scribitur
762 3751 863 3852 spa)
883 3755 946 3821 boc
967 3767 1017 3819 est
1033 3772 1170 3838 pugna,
1194 3761 1380 3840 pugnatio,
1402 3766 1591 3842 pugnator,
1622 3753 1782 3828 bellatorr
1804 3755 1889 3820 vnde
1910 3755 1994 3820 lorte

158 3885 356 3954 Athenarum
385 3897 511 3941 nomen.
555 3873 641 3942 Nam
668 3867 843 3965 Mum
873 3871 1012 3960 (sitien)
1044 3869 1206 3958 significet
1233 3869 1426 3938 bellatores·
1457 3870 1652 3954 etheldrita,
1679 3871 1751 3952 vel,
1780 3872 1897 3938 collato
1925 3873 1991 3952 uia,

160 4021 274 4070 terram
301 3993 420 4062 Martis
449 3994 510 4080 (a)
535 3989 713 4059 bellatoris.
742 3992 834 4060 lem
862 4011 942 4058 vero
963 3987 1070 4054 Phthe
1101 4009 1165 4054 non
1194 3988 1299 4053 solum
1324 3993 1378 4070 rt,
1407 3987 1464 4053 scd
1488 3992 1586 4056 etiam
1608 3999 1644 4071 Θ
1666 3989 1835 4077 significat.
1878 3987 1992 4074 Neque

159 4124 212 4188 boc
224 4120 357 4186 mirum.
400 4109 434 4174 V
462 4087 465 4094 ¹
488 4129 584 4195 mque
598 4111 681 4178 euim
695 4108 860 4198 planetam
881 4104 1045 4194 astrologi
1057 4119 1173 4174 natura
1194 4105 1331 4172 similem
1347 4105 1500 4172 dixerunt
1518 4111 1694 4198 antiquitus
1715 4106 1756 4190 (I.
1770 4113 1801 4185 θ.
1811 4112 1864 4173 te.
1882 4128 1915 4192 p.
1924 4102 1990 4190 68).

159 4237 261 4315 Quare
291 4244 328 4296 et
348 4123 524 4307 tirmIVs,
554 4240 591 4292 vt
610 4225 729 4294 ibidem
751 4226 1057 4308 demonstrauimus,
1086 4240 1119 4290 et
1140 4225 1176 4293 ud
1199 4236 1233 4289 et
1253 4228 1292 4307 Θ
1313 4221 1448 4288 artificia
1469 4225 1545 4312 igne
1567 4227 1708 4304 utentia,
1741 4233 1776 4286 vt
1797 4244 1879 4310 opus
1900 4244 1991 4287 nera·

161 4359 265 4436 minis,
287 4349 488 4416 ninernrun
507 4345 597 4424 auri,
619 4363 701 4430 epus
719 4365 859 4431 coquas,
879 4343 1060 4428 adscripsit.
1104 4339 1236 4407 Diserte
1256 4341 1425 4430 Inscriptio
1446 4341 1620 4407 Rosettnoa
1642 4340 1810 4425 distinguit
1832 4343 1911 4406 tusa
1929 4341 1991 4420 (α’)

165 4471 397 4555 ab‘ffimnrrp,
430 4460 508 4526 licet
526 4474 661 4548 vterque
679 4460 847 4526 Vulcanus
865 4459 1029 4526 reddatur.
1070 4458 1271 4546 Hermapiou
1292 4457 1376 4547 apud
1398 4457 1601 4524 Ammiaoum
1624 4455 1726 4544 (Hist.
1745 4455 1786 4522 L.
1805 4455 1937 4540 XVII.)
1956 4458 1992 4522 in

163 4585 367 4656 undatione
389 4577 535 4646 Obelisci
550 4577 714 4644 Ramessis
733 4576 929 4658 Vulcanum,
950 4575 1187 4662 Hephaestum,
1209 4579 1286 4644 dicit
1305 4587 1430 4664 petrem
1452 4573 1593 4639 deorum.
1636 4573 1781 4641 Deomm
1802 4597 1881 4640 voro
1899 4588 1992 4661 puter

159 4713 280 4788 Qest,
293 4693 296 4698 ’
311 4713 347 4764 vt
375 4696 517 4762 vidimus
546 4691 589 4781 (s.
610 4693 740 4778 Osiris).
789 4693 872 4760 Item
894 4691 1111 4760 Callisthenes
1134 4693 1273 4782 (Fabric-
1301 4689 1384 4758 Bibl.
1407 4688 1464 4754 Gr.
1486 4687 1565 4755 Vol.
1581 4686 1677 4757 XIV.
1700 4693 1777 4778 149)
1806 4691 1991 4758 Vulcanum

158 4829 224 4907 (Θ)
246 4813 392 4905 appellet
413 4835 597 4897 uponuropu
618 4837 683 4876 των
704 4815 801 4877 dtur.
834 4807 945 4876 ⁴l’orro
968 4810 1066 4876 trudit
1087 4809 1201 4876 Cicero
1222 4809 1315 4895 (Nat.
1332 4806 1433 4872 Deor.
1448 4827 1477 4871 c.
1493 4809 1576 4889 22),
1607 4809 1781 4875 recredere
1811 4807 1990 4874 versasse

158 4947 198 5005 irs
218 4935 295 5002 Nilo
312 4939 438 5008 setun,
458 4945 529 4993 esre
549 4925 669 5007 Puta,
689 4934 729 4991 ot
745 4925 908 5015 Aegyptii
924 4926 1145 5012 appellarent,
1167 4943 1259 5010 petest
1278 4921 1441 4988 custodes
1457 4921 1606 5009 Aegypti
1624 4943 1695 4989 erse
1716 4927 1840 4992 uoluat.
1870 4922 1990 4991 Custos

156 5052 305 5141 Aegypti
320 5067 399 5114 sero
422 5043 506 5110 alias
526 5043 641 5110 dtcitur
657 5039 852 5131 Camepbis,
875 5047 949 5131 qui,
971 5055 1007 5108 vt
1029 5043 1183 5124 vidimus,
1204 5045 1244 5124 Θ
1266 5053 1326 5105 est.
1368 5039 1469 5106 Porro
1490 5039 1586 5107 Nilus
1609 5053 1658 5106 est
1677 5038 1855 5116 zodiacum
1890 5061 1990 5130 quare

155 5169 346 5247 Vulcanus,
377 5167 410 5228 iu
430 5159 510 5230 Nilo
532 5173 644 5244 natus,
672 5174 723 5227 est
743 5163 872 5248 signum
892 5160 1033 5227 zodiaci.
1077 5155 1142 5236 Qui
1168 5157 1295 5245 quidem
1316 5155 1484 5224 Vulcanus
1506 5158 1621 5224 dicitur
1642 5157 1816 5238 secundus,
1838 5161 1988 5245 quonium

158 5297 191 5368 Θ
213 5283 362 5375 planeta,
386 5303 406 5348 s
427 5298 495 5368 quo
516 5279 638 5365 accepit
657 5299 793 5362 nomen,
816 5281 919 5344 maior
940 5291 973 5343 et
992 5277 1080 5365 prior
1099 5274 1238 5342 secundo
1260 5273 1452 5361 putubatur,
1479 5275 1520 5340 ed
1545 5257 1718 5344 secundum
1739 5277 1872 5344 deorum
1894 5273 1987 5338 ordi-
