4896 6096
1170 515 1537 596 ...latr-

450 706 600 794 Denique
620 721 654 774 et
674 706 736 774 hoc
757 719 891 782 eertum,
907 702 1288 791 Nephthyn‘siguifioare
1312 709 1337 774 h
1363 708 1439 781 166
1461 707 1618 788 dominiis,
1641 717 1727 770 certe
1748 708 1781 771 iu
1803 709 1832 786 z
1858 719 2052 772 vernantem.
2096 705 2288 798 11666666-
2435 749 2437 760 .

451 839 517 908 tat,
547 825 632 913 quod
655 825 759 890 Osiris
789 823 924 888 traditur
952 825 1071 888 1666166
1099 843 1170 886 curu
1200 820 1356 907 Nephthy
1384 824 1444 904 (1))
1474 844 1669 910 congressus
1696 845 1779 888 asae.
1823 819 1897 899 Quo
1920 845 2136 910 6666366666
2158 825 2289 894 Anubis

438 945 626 1023 66666616,
648 940 726 1006 laidi
748 941 844 1006 valde
866 961 971 1006 carrus.
1014 939 1106 1006 Alias
1127 959 1206 1006 vero
1227 940 1305 1007 laidi
1326 939 1389 1026 (6)
1410 943 1638 1027 progeneratio
1657 939 1801 1006 Deorum
1822 943 1965 1006 omnium
1981 940 2186 1026 adscribitur,
2202 945 2288 1010 alias

448 1058 569 1141 llheae,
590 1061 613 1124 i.
631 1081 660 1124 6.
688 1065 714 1130 J
739 1061 773 1124 in
797 1060 824 1131 1)
851 1060 1011 1126 dominiis.
1040 1060 1142 1125 Porro
1161 1062 1195 1124 in
1209 1059 1324 1142 sistris,
1347 1079 1430 1146 quae
1453 1057 1570 1123 haunt
1591 1079 1696 1141 sacra,
1717 1072 1754 1123 vt
1773 1059 1858 1126 iufra
1879 1057 2068 1140 videbimus,
2089 1081 2175 1126 nnuc
2190 1078 2289 1148 caput

449 1175 543 1240 161616
569 1177 582 1262 (
590 1177 631 1261 1))
653 1198 739 1242 nunc
760 1177 952 1266 Nephthyos
980 1177 1024 1265 (o
1051 1181 1085 1243 iu
1114 1178 1164 1260 Z)
1193 1175 1409 1264 effingebatur
1440 1175 1616 1258 (Plutarch.
1634 1176 1796 1257 16376.)
1846 1174 1942 1251 Quod
1964 1178 2101 1266 denique
2127 1181 2287 1268 imagines

449 1289 641 1379 Nephthyoa
664 1299 795 1380 attinet,
823 1299 1013 1384 paucisshua
1035 1297 1075 1360 da
1097 1317 1137 1360 66
1159 1296 1245 1382 6666
1265 1308 1393 1361 6666666
1412 1297 1627 1381 reperiuntur.
1671 1293 1793 1359 Narrat
1814 1292 2007 1360 Plutarchus
2026 1295 2082 1379 (16.
2098 1299 2200 1381 aad),
2222 1295 2287 1361 Irt'·

450 1407 522 1475 6666
546 1419 742 1494 cognorim
770 1415 908 1480 06661666
936 1433 1006 1478 cust
1027 1411 1184 1496 Neplltlp
1206 1417 1468 1492 congr-errrorem
1496 1431 1543 1476 66
1570 1431 1695 1475 caroso
1723 1411 1926 1492 6666166666,
1959 1433 2055 1494 quast
2070 1414 2170 1489 sorte
2196 1415 2288 1498 6666

451 1522 632 1611 1166166666
653 1527 757 1593 otim
776 1530 969 1614 6616666661.
1012 1525 1102 1592 Idam
1127 1533 1174 1612 (6.
1189 1526 1279 1608 366.)
1302 1526 1410 1608 tradit,
1433 1522 1626 1611 Typhonem
1646 1525 1786 1602 Osiridis
1805 1545 1878 1590 curu
1896 1525 2049 1613 Nephthy
2070 1531 2186 1594 coitum
2206 1551 2283 1617 cog-

454 1646 584 1708 nouisse
609 1664 655 1708 ex
677 1643 829 1730 stirpihoa
850 1643 1106 1734 germinantibus
1127 1657 1160 1708 et
1182 1643 1326 1710 meliloto
1344 1641 1475 1710 relictis.
1519 1641 1650 1730 ltaque,
1678 1645 1713 1708 in
1732 1642 1912 1710 simulacris
1933 1643 2125 1732 Nephthyos
2144 1645 2203 1727 loti
2225 1645 2281 1711 ali·

452 1759 529 1846 qnid
549 1759 661 1842 161666,
681 1782 761 1825 6666
781 1759 885 1826 simile
908 1775 967 1826 est.

537 1871 641 1960 86166,
665 1875 1107 1968 Earrr,·†‚signilicat,hiuc
1129 1877 1214 1942 16666
1238 1880 1264 1947 d
1288 1881 1323 1943 iu
1348 1873 1374 1942 16
1402 1879 1563 1959 dominiis,
1586 1879 1809 1944 6666166666.
1853 1875 2023 1964 Inscriptio
2043 1882 2219 1966 36666616
2240 1881 2285 1944 iu··

452 1993 525 2060 aula
544 1994 664 2060 Bacchi
683 2009 811 2080 reperta
828 1997 1008 2082 (Letrouue
1023 1993 1122 2060 116616.
1137 2013 1170 2081 p.
1183 2001 1269 2080 346.)
1286 1995 1368 2064 16666
1382 1995 1497 2062 hahet:
1520 1995 1612 2060 Σατει
1632 2019 1672 2080 τῃ
1694 2021 1744 2062 666
1762 1990 1863 2088 Ἥ66.
1890 1993 1980 2082 Ergo
2001 1994 2084 2062 luno
2100 2019 2166 2063 nou
2181 1997 2287 2064 6111666

455 2112 574 2177 68661.
617 2111 687 2177 1666
708 2111 861 2180 Manilius
879 2115 1026 2198 (Astron.
1042 2135 1075 2200 p.
1092 2113 1267 2196 1761166.)
1290 2113 1330 2178 66
1353 2119 1415 2192 ffi,
1438 2112 1568 2178 domum
1595 2114 1642 2194 J,
1666 2111 1767 2176 relert
1790 2110 1990 2198 Cyllenium,
2010 2117 2052 2181 66
2078 2123 2109 2197 ἦ
2137 2115 2287 2196 Vestam,

455 2229 496 2296 66
516 2247 562 2296 stt:
584 2227 752 2315 Iunonem,
774 2253 873 2320 quare
894 2232 975 2298 Iuno
997 2232 1034 2314 6,
1058 2233 1222 2298 domiuum
1243 2234 1328 2319 signi
1351 2251 1408 2313 666,
1431 2227 1591 2318 significet
1612 2241 1826 2326 6666666666.
1869 2231 1942 2296 1166
1963 2233 2058 2315 16616,
2080 2232 2186 2320 quod,
2208 2246 2288 2298 teate

452 2343 865 2438 Η6666611166(1.6.11.),
885 2351 1156 2438 hemisphaerium
1178 2354 1325 2437 superius
1345 2349 1514 2415 Mineruae
1536 2347 1613 2435 ((6),
1633 2346 1900 2414 16166166166661
1915 2349 1971 2436 (1))
1991 2353 2123 2438 6666616
2145 2350 2288 2416 fuerunt.

453 2461 633 2531 llihernum
660 2469 745 2531 euim
779 2466 1052 2555 hemisphaerium
1081 2489 1146 2534 non
1173 2482 1281 2557 potest
1309 2487 1373 2534 non
1403 2461 1496 2532 661)
1529 2466 1646 2530 6616661
1671 2465 1824 2552 frigidum
1852 2468 1899 2552 (p.
1915 2471 1990 2550 68.)
2032 2469 2133 2535 Porro
2157 2480 2288 2534 6666666

455 2579 688 2668 Aegyptiorum
712 2583 826 2663 Athor,
847 2607 931 2672 quae
952 2598 1003 2651 666
1023 2585 1048 2660 i)
1069 2585 1252 2666 femininus,
1272 2586 1460 2675 plerumque
1481 2582 1639 2649 lunonem
1658 2579 1911 2670 interpretantur
1935 2584 2120 2672 (Jahlonsk.
2134 2584 2287 2653 Panthi.

453 2721 486 2784 p.
501 2703 558 2784 6.).
600 2701 686 2768 11166
706 2702 789 2769 1666
812 2723 1044 2800 saepenumero
1064 2725 1129 2770 nou
1151 2705 1259 2770 differt
1280 2725 1300 2767 a
1322 2699 1424 2783 Rhea,
1446 2700 1642 2788 Proserpina
1655 2714 1689 2766 et
1702 2700 1832 2766 Latona
1850 2704 1936 2789 apud
1959 2703 2104 2770 Graecos
2124 2703 2287 2790 (Kreuaer

454 2815 622 2900 Symh.ll.
640 2820 805 2907 661661),
845 2821 920 2886 16166
941 2817 1123 2908 6666116666
1145 2847 1255 2906 supra,
1286 2835 1323 2888 vt
1341 2819 1446 2888 Athor
1468 2818 1535 2905 (h).
1578 2816 1686 2894 Quum
1707 2839 1787 2884 vero
1806 2819 1893 2886 8666
1918 2827 1943 2898 Β
1964 2822 2095 2888 domum
2114 2819 2287 2910 significat,

453 2952 518 2996 nou
538 2948 613 3018 eget
633 2935 921 3022 demonstratione,
943 2941 1042 3005 etiam
1067 2943 1094 3010 3
1120 2942 1166 3006 616
1186 2942 1376 3027 666666661,
1398 2935 1551 3025 quamdiu
1572 2939 1606 3000 16
1626 2933 1683 3001 1116
1707 2935 1732 3006 ll
1754 2940 1848 3026 signo
1871 2955 2097 3006 commoretur.
2138 2939 2184 3008 At
2206 2959 2287 3004 vero

457 3051 570 3136 negari
594 3053 721 3139 nequit,
749 3052 905 3120 lunonem
932 3057 1030 3122 otiam
1057 3057 1084 3124 6
1109 3070 1142 3122 66
1174 3065 1198 3140 ῼ
1232 3055 1732 3144 6136166666(1116616.6.298.).
1776 3054 1870 3133 Quod
1896 3059 2023 3147 quidem
2047 3059 2110 3123 hoc
2137 3057 2231 3121 etiam
2250 3057 2286 3117 iu

456 3165 528 3232 1666
550 3171 723 3236 tenendum
741 3173 878 3240 videtur.
920 3171 1029 3251 Quum
1049 3178 1134 3241 euim
1154 3177 1319 3260 inscriptio
1342 3175 1426 3240 dicta
1440 3185 1666 3239 commemoret
1687 3171 1796 3238 leuem
1815 3174 2001 3241 Ammonem
2022 3174 2097 3259 (Θ),
2117 3173 2289 3246 16666666,

458 3283 595 3350 Vestam
616 3286 682 3372 (h),
703 3288 864 3358 Bacchum
880 3295 959 3380 (1)),
981 3294 1154 3360 Saturnum
1176 3292 1233 3381 (6)
1254 3304 1287 3355 66
1300 3292 1496 3362 Mercurium
1519 3292 1583 3375 (ξ),
1604 3311 1668 3355 666
1683 3293 1762 3356 6666
1781 3292 2025 3380 intelligeretur,
2044 3311 2100 3355 cur
2124 3289 2168 3374 16,
2190 3311 2291 3377 quum

461 3401 502 3466 ad
523 3403 678 3470 lunonem
707 3410 804 3472 etiam
833 3411 1033 3494 traheretur,
1061 3408 1180 3498 triplici
1205 3409 1312 3475 forma
1338 3407 1395 3474 illo
1424 3411 1458 3475 iu
1487 3408 1560 3473 loeo
1588 3406 1693 3473 cultus
1722 3409 1831 3477 fuerit.
1874 3409 2027 3476 Ceterum
2055 3408 2145 3474 8666
2174 3429 2290 3474 nomen

460 3523 605 3588 maxime
625 3523 725 3590 affine
746 3539 796 3593 666
815 3525 921 3607 866161,
941 3529 1023 3590 h.e.
1046 3531 1089 3610 2,
1113 3527 1154 3591 de
1175 3549 1240 3615 qna
1260 3529 1369 3594 statim
1389 3526 1494 3615 plura.
1523 3525 1658 3614 Duplex
1678 3529 1808 3615 quidem
1831 3535 1857 3604 1)
1881 3525 2064 3594 1666661116
2085 3528 2291 3612 inscriptione

459 3656 709 3708 commemorata
735 3643 853 3728 (Vesta
874 3657 908 3710 et
929 3641 1071 3725 Kronou)
1092 3657 1238 3728 spectare
1257 3646 1385 3711 videtur
1405 3645 1446 3710 ad
1473 3655 1499 3726 1)
1525 3644 1689 3716 dominum
1710 3660 1745 3712 66
1767 3647 1864 3734 61361,
1887 3659 1920 3718 66
1938 3645 2059 3732 trigoni
2079 3645 2113 3708 in
2130 3653 2182 3718 a&

542 3753 664 3842 866666,
689 3763 809 3844 Eudae,
839 3763 862 3829 2
888 3758 1060 3849 6136111666.
1103 3758 1274 3842 Aegyptii,
1297 3767 1401 3847 inquit
1422 3762 1615 3830 Damasciua
1637 3757 2290 3851 (111616166611166611116.00011161.

458 3895 491 3958 p.
508 3877 631 3956 1043),
655 3871 772 3942 866166
792 3877 866 3942 Iria
888 3897 960 3944 6666
980 3887 1153 3952 6666666666
1180 3875 1306 3942 Graeci
1324 3875 1411 3942 6666
1430 3873 1477 3942 cd
1496 3875 1618 3948 8666666
1633 3877 1772 3948 Stellam
1791 3879 1958 3958 refemh
2001 3878 2096 3966 Apud
2109 3877 2291 3944 Diodorum

459 3989 499 4072 (1.
512 4014 545 4079 p.
560 3996 628 4074 24.)
651 3991 714 4057 1616
744 3992 784 4058 66
812 4013 848 4058 66
869 3993 1029 4082 loquitur,
1058 4013 1121 4080 ego
1149 4013 1234 4074 6666,
1259 4013 1343 4078 qaae
1361 3999 1397 4058 r'rr
1418 3993 1781 4064 contraderentur.
1823 3993 2005 4084 Horapollo
2026 3996 2115 4080 (1.1.
2131 3997 2195 4082 3.)6
2222 3991 2294 4060 1666

460 4111 552 4194 epod
573 4107 973 4197 6163661666161666666,
997 4112 1084 4200 6666
1102 4111 1271 4198 Aegyptio
1294 4109 1421 4200 perideus
1441 4119 1569 4179 6666166
1591 4111 1721 4193 Sardio,
1748 4113 1878 4182 11666666
1898 4133 1979 4180 otro
2001 4115 2187 4198 6166666666
2207 4112 2295 4180 6666-

462 4233 527 4292 tur.
569 4229 761 4296 Plutarchus
783 4225 1459 4318 (16369.)60666666·666166“66·6666666
1481 4232 1646 4320 Aegyptio·
1663 4239 1808 4300 6666666.
1849 4231 1940 4298 Idem
1960 4231 2015 4318 (Is.
2028 4231 2119 4314 376.)
2141 4234 2198 4311 616,
2221 4231 2296 4294 Ae-

460 4351 595 4432 gyptios
615 4356 809 4433 6666666666,
831 4345 932 4413 Sidet
954 4349 1131 4412 6666666166
1154 4365 1226 4414 6666
1252 4346 1343 4414 laur
1360 4356 1546 4436 6666666666.
1589 4348 1705 4418 ’116666
1727 4347 1850 4438 (861661.
1864 4351 1898 4416 16
1912 4352 2005 4418 Arat.
2020 4371 2051 4436 p.
2068 4353 2120 4414 22.
2138 4343 2296 4432 Oxon.):

464 4459 791 4532 concrememur
811 4463 923 4532 666666
944 4463 1145 4532 cedrelaten
1168 4473 1320 4550 apparet.
1364 4463 1422 4533 ra·
1440 4465 1605 4555 Aegyptii
1621 4473 1750 4536 66161666
1767 4477 1896 4554 poseat
1912 4472 2042 4534 666666
2061 4477 2175 4526 cum
2197 4467 2299 4529 &aas

465 4595 526 4662 666
544 4589 648 4646 ortum
673 4603 801 4649 6666666
818 4587 935 4652 voluat
952 4580 1050 4649 In‘dt'.
1093 4581 1786 4674 1166666661666666666666661666616
1810 4595 1850 4666 5
1873 4605 1988 4653 reuera
2007 4581 2119 4648 Sothia
2139 4595 2299 4664 vocatur,

465 4711 549 4780 quae
576 4697 701 4781 quidem
729 4701 858 4767 decuria
883 4711 908 4784 ῼ
933 4713 983 4768 est
1009 4701 1306 4790 (1616623.)
1349 4701 1464 4791 Itaque
1482 4704 1533 4770 1616
1559 4723 1605 4770 666
1630 4701 1711 4768 16616
1731 4700 1912 4771 1666166666
1931 4711 2081 4790 apparet:
2119 4699 2155 4779 t)
2174 4697 2303 4766 Sothin

465 4829 536 4876 eras
553 4809 649 4878 Isidis
669 4835 865 4901 6636666666
887 4820 920 4904 2)
940 4819 1054 4886 8661616
1076 4818 1232 4909 appellari
1252 4818 1348 4886 Sidus
1367 4819 1482 4898 Cauisr
1503 4827 1540 4906 3)
1561 4819 1678 4888 8661616
1696 4844 1769 4890 aare
1793 4832 1818 4906 9
1842 4822 2007 4888 6166661666
2026 4822 2062 4884 in
2084 4821 2138 4894 5⁶
2181 4813 2305 4894 Qum

463 4949 542 4996 vero
570 4931 631 4998 1616
662 4944 695 4997 66
715 4941 762 5013 6,
788 4944 820 4996 66
851 4939 874 5007 ῼ
908 4935 1085 5022 significet,
1113 4963 1276 5028 quumque
1299 4944 1431 5007 nomina
1459 4941 1652 5008 decanorum
1674 4955 1819 5030 spectent
1841 4939 1979 5015 66666,
2009 4933 2126 5023 quibua
2152 4931 2304 5002 6661616661

465 5060 559 5128 suut,
578 5049 740 5137 6166661666
777 5052 939 5137 66661666,
968 5052 1081 5119 Sothin
1106 5061 1209 5144 primo
1235 5059 1362 5146 quidem
1391 5074 1414 5146 2
1441 5060 1614 5144 decanum,
1639 5060 1715 5126 hinc
1741 5079 1820 5125 vero
1848 5063 1870 5132 2
1902 5053 2066 5145 6111111111
2092 5053 2303 5136 θῙΡ11Π9111·

466 5160 617 5231 Ceterum
634 5181 725 5253 puto,
740 5167 854 5233 Sothin
875 5171 972 5234 etiam
993 5170 1057 5236 dici
1078 5172 1118 5234 de
1144 5179 1170 5242 1>
1194 5176 1228 5238 in
1249 5174 1378 5242 decuria
1399 5187 1439 5260 ῼ,
1462 5179 1516 5244 661
1535 5183 1569 5244 16
1591 5183 1631 5257 5
1654 5179 1746 5244 initio
1765 5189 1928 5244 66666666.
1970 5169 2133 5242 Nimirum
2152 5171 2305 5236 traditu

467 5301 487 5346 6
507 5279 652 5352 Diodoro
672 5285 760 5371 (1.6.
781 5281 861 5368 24.),
884 5283 1002 5352 Isidem
1024 5283 1107 5366 6666,
1128 5308 1210 5373 quae
1233 5292 1267 5354 16
1288 5295 1376 5358 canis
1396 5294 1500 5358 ridere
1521 5299 1652 5360 oriatur.
1694 5294 1790 5374 Quod
1810 5295 1925 5364 referri
1944 5289 2174 5391 parangariam
2197 5289 2246 5358 ad
2274 5291 2304 5359 1
