4896 6096
1019 1545 1057 1664 ι.
1095 1553 1132 1634 ι.

760 1698 1394 1793 Introductis

929 1925 1186 1936 Ἦ--
1216 1929 1227 1936 .

171 2099 344 2220 Quande
368 2125 509 2212 planetis
531 2139 628 2212 atque
651 2123 783 2194 zodiaci
807 2129 1034 2216 partitionibus
1063 2135 1147 2224 apud
1173 2149 1302 2200 veteres
1326 2135 1507 2224 Aegyptios
1530 2137 1657 2205 usitatis
1678 2139 1874 2228 disputatum
1901 2146 1942 2210 sit
1968 2146 2002 2208 in

171 2245 395 2333 superioribns3
417 2248 484 2310 iam
506 2247 683 2332 quaeritur,
701 2243 818 2334 quibus
838 2249 993 2332 symbolis
1016 2250 1096 2316 haec
1112 2255 1201 2318 ustio
1223 2267 1291 2318 turn
1312 2254 1474 2342 planetas,
1497 2268 1564 2320 tum
1583 2271 1694 2344 partes
1715 2259 1848 2326 Zodiaci
1869 2284 2003 2352 expres-

168 2366 251 2428 serit.
293 2363 418 2428 Omnes
445 2363 530 2428 enim
550 2361 662 2448 populi
685 2351 914 2431 astronomiam
937 2365 1122 2432 factitantes
1149 2371 1242 2458 signa
1265 2374 1421 2462 quaedam
1446 2369 1677 2454 adhibuerunt,
1712 2376 1828 2463 quibus
1854 2377 2003 2464 planetas

168 2493 258 2566 atque
279 2493 446 2568 segmenta
468 2477 598 2546 Zodiaoi
624 2477 855 2566 significarent.
898 2481 993 2560 Quod
1017 2484 1144 2572 quidem
1168 2507 1230 2554 non
1252 2471 1359 2576 potuit
1380 2511 1444 2555 nou
1464 2488 1538 2554 ficri
1558 2503 1614 2554 ant
1634 2491 1817 2578 phanatica,
1842 2511 1898 2559 ant
1919 2517 2005 2583 sym·

168 2595 266 2664 bolico
292 2600 437 2682 ratione,
481 2611 538 2661 sut
568 2609 704 2683 utroque
735 2597 832 2663 modo
861 2603 1039 2666 coniuncto.
1084 2603 1137 2667 Sic
1166 2608 1268 2670 nostri
1299 2609 1475 2672 astronomi
1502 2609 1638 2694 primum
1667 2608 1903 2697 Aegyptiorum
1934 2609 2004 2696 pla·

168 2729 269 2778 ustam
289 2728 407 2778 rocam
428 2711 569 2794 huon,
589 2716 791 2802 primumque
812 2713 944 2784 Zodiaci
962 2719 1255 2785 dodecatemorium
1275 2721 1434 2804 Ars'etcss,
1456 2743 1591 2807 quarunt
1613 2721 1759 2806 symbola
1771 2725 1852 2791 baec
1867 2723 2002 2789 habent:

172 2836 211 2911 t,
232 2843 286 2914 Υ,
310 2845 341 2896 et
363 2835 411 2896 sic
432 2834 466 2896 in
489 2829 634 2918 reliquis.
678 2825 786 2906 Quum
809 2855 887 2898 vero
911 2832 1055 2922 constet,
1078 2837 1259 2926 Aegyptios
1280 2838 1320 2901 ab
1345 2838 1573 2921 antiquissimis
1586 2837 1660 2903 inde
1680 2838 1878 2924 temporibus
1901 2853 2003 2903 astro-

168 2949 301 3014 nomiam
321 2949 487 3014 factitasse
502 2950 693 3035 scriptisque
710 2951 824 3034 patriis
846 2949 1038 3036 celebrasse,
1061 2975 1222 3044 quumque
1235 2951 1376 3016 dubitari
1397 2961 1546 3036 nequeat,
1565 2971 1637 3022 esse
1657 2953 1742 3016 inter
1764 2953 2005 3053 hieroglyphice

166 3063 394 3152 Aegyptiorum
415 3079 642 3142 monuments,
672 3064 789 3154 qrribns
810 3064 1055 3134 obseruationes
1085 3069 1319 3134 astronomicae
1349 3063 1589 3147 describantnr;
1624 3089 1705 3155 opus
1728 3086 1795 3156 est,
1824 3076 2035 3160 accuratius·

168 3182 393 3262 demonstrare,
416 3181 533 3270 quibus
553 3179 720 3246 vocabulis
742 3182 906 3270 signisque
928 3184 1180 3274 hieroglyphicis
1201 3184 1250 3249 illi
1270 3188 1322 3249 vsi
1342 3185 1462 3248 suenus
1481 3185 1662 3276 inscriptis
1683 3189 1750 3252 suis
1773 3191 2004 3256 astronomicis.

169 3295 368 3384 Quamquam
390 3299 476 3362 enirn
495 3300 528 3362 in
549 3297 770 3388 superioribus
789 3298 907 3371 dictum
931 3316 980 3366 est
1002 3301 1042 3366 de
1064 3301 1226 3367 nonnullis
1246 3301 1447 3391 planetarum
1471 3315 1504 3366 et
1525 3316 1764 3389 segmentorum
1787 3305 2004 3397 eclipticorurn

173 3412 364 3496 nominibus,
387 3428 482 3502 atque
502 3415 541 3479 de
560 3419 659 3482 variis
679 3438 791 3480 eorum
813 3416 978 3504 symbolis,
1001 3422 1119 3510 quippe
1138 3441 1220 3508 quae
1240 3421 1275 3484 in
1297 3423 1422 3506 scriptis
1442 3420 1650 3513 Graecorum,
1674 3420 1862 3493 Latinorum
1885 3393 2005 3510 Copto·

166 3549 305 3616 rumque
324 3535 541 3598 astronomicis
562 3545 751 3608 occurruut3
774 3532 855 3596 haec
878 3517 989 3600 tamen*
1008 3557 1072 3602 non
1090 3536 1256 3601 sufficiunt
1276 3536 1317 3601 ad
1338 3539 1524 3607 interiorem
1540 3512 1761 3610 mnonomiae
1782 3537 2005 3638 Aegyptiacae

159 3661 313 3712 naturasu
334 3646 575 3738 intelligendam
598 3663 630 3716 et
651 3649 692 3714 ad
711 3649 871 3736 integram
891 3651 987 3715 huius
1008 3651 1122 3739 populi
1144 3650 1339 3736 symbolicae
1363 3658 1610 3722 astronomicam
1631 3655 1862 3720 instruendam.
1892 3653 2005 3743 ltaque

165 3765 230 3832 boc
249 3768 447 3854 potissimum
472 3770 599 3856 agitor,
634 3781 670 3832 ιι
692 3766 946 3852 demonstretur,
973 3766 1214 3859 quibuscunque
1243 3767 1376 3858 liguris,
1408 3782 1464 3834 ant
1486 3767 1702 3857 simplicibus,
1732 3781 1787 3834 aut
1807 3774 2003 3858 compositis,

164 3886 319 3974 Aegyptii
346 3897 413 3952 tum
441 3883 608 3972 planetas,
640 3897 707 3949 tum
738 3883 884 3970 singulas
912 3885 995 3952 coeli
1022 3900 1136 3975 partes
1163 3885 1429 3977 significausriut.
1473 3884 1549 3963 Qua
1570 3886 1699 3974 quidam
1725 3888 1759 3952 in
1783 3886 2005 3954 dissertatione

164 3989 510 4096 umiqnau'ruiouem
533 4002 745 4068 seruabimus.
789 4001 918 4068 Scilicet
938 4017 1066 4068 veteres
1089 4005 1262 4092 scriptores
1285 4018 1359 4070 ante
1381 4005 1494 4068 omnia
1513 4005 1701 4086 audiamus,
1731 4006 1849 4097 quippe
1874 4005 1949 4105 qni,
1972 4020 2007 4071 ιι

165 4122 241 4190 nihil
263 4123 338 4186 sese
358 4122 559 4207 antiquitatis
580 4123 662 4186 scitu
684 4120 817 4212 dignum
841 4123 1038 4202 omiserunt,
1062 4122 1109 4184 ita
1127 4141 1259 4215 ,quoqne
1281 4121 1321 4186 de
1343 4121 1515 4206 symbolice
1541 4121 1772 4212 Aegyptiorum
1794 4123 2007 4189 astronomica

163 4241 314 4328 plurima,
339 4259 441 4328 eaque
463 4239 657 4326 grauissimo
680 4237 890 4304 tradiderunt.
935 4235 1096 4309 Veterum
1110 4259 1189 4303 vero
1211 4250 1299 4304 tanta
1321 4253 1371 4304 est
1385 4261 1459 4304 cum
1479 4238 1613 4322 inullis,
1635 4251 1702 4320 turn
1717 4237 1778 4303 bsc
1798 4237 1832 4300 in
1847 4254 1884 4300 re
1899 4251 2007 4308 aucto·

167 4362 257 4441 ritas,
287 4361 467 4444 tantusque
488 4358 573 4419 inter
595 4353 740 4449 singulos
763 4377 957 4438 cousensus,
980 4368 1036 4438 ιι,
1059 4376 1157 4442 quom
1181 4377 1239 4424 eos
1260 4355 1357 4422 doces
1381 4359 1564 4450 sequimur,
1586 4377 1607 4418 a
1627 4373 1725 4438 scopo
1747 4350 1898 4424 aberrare
1919 4353 2008 4420 haud

167 4476 256 4541 facila
276 4475 456 4564 possimus·
500 4472 608 4566 Atque
629 4487 665 4538 ιι
685 4471 788 4541 libere
810 4475 926 4552 dicam,
949 4472 1034 4560 quod
1055 4474 1283 4562 antiquitatum
1304 4487 1508 4560 scrutatores,
1529 4471 1673 4538 maxime
1687 4468 1877 4558 mythologi,
1901 4475 2006 4562 magis

166 4615 225 4657 sno
252 4593 386 4680 ingenio
415 4587 634 4670 indulserunt,
662 4612 759 4678 qnam
780 4603 928 4655 veterum
957 4592 1140 4654 auctoritati
1168 4588 1267 4655 fidam
1293 4589 1474 4655 babuerunt
1500 4587 1612 4650 bisin
1641 4586 1901 4675 quaestionibus,
1931 4591 2006 4654 inde

166 4713 283 4791 euenit,
306 4722 348 4773 vt
357 4708 563 4793 ,grauissime
585 4725 624 4771 ac
645 4709 751 4792 prime
772 4706 1009 4795 Aegyptiorum
1027 4729 1083 4776 sss
1106 4720 1172 4776 test
1196 4707 1251 4774 din
1267 4707 1435 4792 incognita
1456 4705 1630 4785 macris,
1651 4715 1687 4771 ιι
1710 4705 1848 4773 tentiis
1869 4705 2005 4781 chrono-

163 4827 294 4914 logiam,
312 4825 497 4905 historiam,
519 4821 752 4910 mythologisat
766 4824 910 4912 abasque
929 4822 1117 4910 disciplinas
1136 4841 1265 4890 errores
1284 4823 1484 4908 irrepserint.
1528 4819 1732 4908 Quamquam
1752 4824 1838 4886 enim
1857 4821 2006 4887 Jsblons·

162 4943 251 5026 lrins,
270 4942 339 5008 Vir
355 4939 391 5004 S.
408 4937 464 5022 V,
487 4955 606 5007 sectam
628 4955 661 5006 et
681 4962 793 5008 reram
811 4943 899 5006 viam
917 4944 1083 5030 ingressus
1104 4951 1154 5003 est
1175 4938 1215 5002 ad
1230 4941 1460 5013 astronomiam
1482 4954 1515 5008 et
1527 4935 1758 5029 mythologiam
1772 4937 2004 5026 aegyptiacam

160 5057 410 5132 illustrandam
447 5059 643 5122 recentiores
672 5071 780 5124 smnen
804 5058 902 5124 huius
921 5061 982 5123 viri
1010 5077 1172 5142 nunquam
1195 5059 1274 5121 satis
1295 5055 1450 5125 laudandi
1470 5062 1628 5124 rationem
1649 5077 1713 5121 non
1736 5058 1934 5141 argumentis
1953 5079 2005 5122 re·

14 5207 15 5241 ι
158 5177 337 5256 fallerent,
358 5171 417 5238 sed
439 5174 556 5238 iniuste
578 5175 705 5260 quidem
723 5176 916 5242 damnarunt
939 5189 1035 5263 atque
1056 5193 1119 5238 non
1142 5171 1247 5240 lucem
1268 5187 1301 5241 et
1322 5177 1484 5261 ordinem,
1506 5175 1564 5240 sed
1584 5171 1733 5240 tenebras
1755 5184 1787 5236 et
1810 5171 2002 5238 disordinem

15 5256 18 5322 ’ἶ
159 5299 192 5360 1„
215 5291 423 5378 disciplinas,
448 5311 528 5374 quas
548 5290 699 5376 diximus,
722 5291 827 5360 denno
848 5291 1035 5362 intulerunt.
1146 5357 1149 5365 .

1555 5390 1589 5456 K
1629 5349 1639 5364 .
