4896 6096
517 852 804 932 Nmmwmm
1314 857 1452 933 aum
1556 815 1561 1031 ι
1659 852 1797 927 Qus
1942 863 1946 872 ’
2012 856 2047 929 0

477 1103 655 1173 Adtrt'buta
674 1107 851 1170 communia
871 1101 994 1167 malitia
1219 1101 1431 1168 beneficentia
1570 1105 1657 1172 calor
1922 1102 2132 1170 beneficentia

872 1221 975 1283 omnis
1000 1218 1171 1282 destructio
1220 1220 1432 1288 sacerdotium
1570 1221 1749 1287 combustio
1921 1223 2078 1310 sphaerae
2122 1221 2254 1306 propin·

873 1358 959 1400 mors
980 1337 1099 1400 misera
1221 1335 1372 1403 nobilitas
1571 1341 1724 1405 fortitudo
1964 1359 2048 1427 quoe
2086 1359 2089 1366 ·

875 1476 955 1540 opus
974 1452 1112 1518 lanionis
1223 1459 1375 1520 maiestas
1573 1459 1786 1545 tegimentum
1921 1459 2071 1521 continua
2080 1455 2255 1534 comitatio,

874 1571 1025 1636 animalia
1048 1575 1149 1636 noxia
1223 1594 1357 1659 reguum
1573 1577 1759 1660 magisteria
1781 1575 1866 1658 ignis
1964 1586 1996 1636 et
2019 1572 2201 1660 applicatio,
2222 1585 2264 1635 et

1225 1692 1420 1775 principatus
1573 1713 1655 1776 opus
1676 1691 1847 1755 aeruminis
1872 1701 1904 1751 ot
1964 1692 2144 1755 coniunctio

1224 1807 1311 1872 color
1331 1825 1462 1871 croceus
1616 1810 1811 1873 minerarum
1834 1807 1904 1870 auri
1924 1806 2088 1891 religionis
2108 1805 2214 1871 cultus

1572 1947 1653 2010 opus
1674 1929 1778 2010 coqui.
1923 1923 2075 1988 nobilitas

1923 2040 2105 2106 sublimitas

525 2453 814 2535 Nemetacum
966 2455 1108 2536 oete
1325 2459 1452 2540 aeta
1564 2398 1569 2622 l
1675 2462 1810 2542 aeta

876 2825 1041 2909 ingenium
1055 2835 1183 2886 acutum
1267 2829 1428 2912 guineitas
1579 2828 1751 2893 humiditas
1970 2837 2024 2888 tae

879 2939 1067 3032 consilium·
1101 2953 1205 3004 matu·
1225 2946 1361 3008 imitatio
1384 2954 1419 3022 Θ
1580 2945 1781 3030 pulchritudo
1927 2955 2034 3006 motus
2052 2938 2237 3004 celerrimus

807 3071 811 3078 ·
921 3078 993 3120 rum
1226 3061 1315 3125 color
1333 3060 1425 3125 albus
1580 3085 1705 3128 amores
1929 3062 2057 3123 venatio

881 3289 1030 3356 aurifices
1229 3299 1355 3382 arrcipia
1581 3309 1667 3360 artes
1688 3297 1848 3360 femineae
1928 3291 2017 3354 lenes
2040 3303 2125 3354 artes

880 3173 984 3260 gloria
1227 3179 1364 3243 iucunda
1389 3179 1535 3264 deceptio
1580 3181 1746 3266 generatio
1927 3175 2141 3258 inconstantia

1230 3414 1381 3498 accipiter
1580 3425 1768 3477 ornamenta
1927 3408 2076 3496 gloriatio

1928 3527 2091 3590 iracundia

1826 3659 1832 3666 '
1929 3644 1992 3708 alia
2014 3642 2116 3708 multu

532 3943 682 4010 Ceterum
705 3963 764 4028 per
784 3962 820 4005 se
840 3941 1051 4029 intelligitur,
1073 3937 1154 4003 haec
1178 3949 1211 4001 et
1233 3934 1297 3999 alia
1321 3937 1452 3998 numina
1471 3937 1556 3998 inter
1578 3933 1769 4016 carindia,
1793 3937 1939 4022 quamuis
1959 3933 2105 4020 symbola
2126 3934 2282 4020 quaedam

446 4062 587 4129 habeant
607 4061 802 4137 cornrnnnia,
833 4073 1004 4145 propterea
1026 4055 1178 4122 conlundi
1198 4055 1282 4118 inter
1305 4073 1424 4118 senon
1449 4071 1557 4136 posse.
1607 4047 1688 4114 Sunt
1710 4051 1750 4115 iis
1773 4053 1858 4116 euim
1886 4053 1949 4118 alia
1977 4073 2103 4138 quoque
2123 4051 2284 4116 adtributa

446 4179 620 4274 peculiaria
642 4175 795 4261 plurima3
819 4189 851 4238 et
875 4172 1042 4261 probabile
1060 4172 1206 4253 videtur,
1229 4173 1327 4233 etiam
1349 4167 1505 4252 symbola,
1527 4187 1609 4253 quae
1630 4164 1714 4230 binis
1734 4170 1874 4232 ternisne
1890 4169 2028 4254 planetis
2049 4169 2281 4248 adscribantur,

447 4313 483 4364 vt
503 4296 644 4376 locusta,
668 4293 834 4377 accipiter,
856 4314 896 4357 ea
918 4305 976 4356 aut
997 4289 1125 4376 specie,
1149 4301 1204 4352 aut
1226 4309 1345 4374 genere
1367 4289 1452 4350 inter
1473 4307 1509 4350 se
1531 4285 1660 4349 diuersa
1683 4283 1824 4368 cogitata
1844 4285 1953 4349 fuisse.

1514 4447 1592 4458 ..ι-.-

1291 4598 1326 4714 t·
1363 4605 1429 4686 ⁵⁵·
1542 4711 1548 4718 ,

1081 4745 1653 4832 Conclusio

540 4947 652 5031 ltaque
676 4956 780 5007 actum
805 4956 871 5024 est,
894 4939 927 5004 id
948 4922 1034 5026 qdod
1054 4936 1147 5002 nobis
1168 4941 1412 5024 proposuimus,
1444 4936 1564 5000 scilicet
1585 4936 1713 5020 videre,
1744 4937 1819 5023 qnid
1842 4954 1968 5009 veteres
1990 4940 2029 5005 de
2048 4951 2192 5019 veternum
2217 4940 2284 5005 Aa·

456 5065 636 5151 gyptiornm
658 5061 852 5126 astronomia
875 5057 1072 5122 tradiderint.
1115 5054 1293 5136 Nouimus,
1319 5068 1396 5140 quot
1417 5068 1455 5124 ct,
1470 5076 1550 5139 quos
1570 5053 1719 5140 planetas
1740 5055 1893 5140 Aegyptii
1915 5054 2087 5142 habuerint
2103 5053 2284 5142 quibusque

457 5177 638 5246 nominibus
659 5197 715 5242 eos
740 5175 989 5262 appellauerint3
1018 5185 1097 5258 quot
1114 5170 1290 5256 qualesque
1310 5184 1418 5255 partes
1437 5171 1574 5236 iecerint
1595 5171 1737 5250 zodiaci,
1768 5174 1967 5256 sequuturis,
1999 5170 2188 5258 horoscopi;
2218 5195 2287 5258 qun

455 5300 580 5362 ratione
601 5309 748 5377 tempora
769 5292 951 5366 diuiserint;
981 5310 1062 5375 qnos
1082 5289 1228 5352 dominos
1247 5286 1328 5352 coeli
1349 5300 1384 5352 st
1404 5289 1559 5371 temporis
1579 5286 1724 5371 partibus
1745 5287 2006 5372 praeposuerint3
2036 5307 2116 5374 quas
2137 5288 2225 5352 vires
2250 5305 2286 5354 nt
