4902 6096
1154 488 1523 570 -214—

426 724 495 807 (15)
522 733 640 800 potami
663 693 705 770 ’ὅ
725 723 800 767 ⁰⁰¹⁹
830 690 1019 786 [tlthv]
1042 691 1231 782 conflenti]
1251 698 1322 782 (1⁶)
1353 693 1462 777 XIX,
1492 698 1561 760 siue
1588 697 1623 761 in
1651 697 1676 784 l)
1703 697 1828 791 Damp‚
1857 695 2014 786 quaeum
2043 703 2073 766 a*
2097 697 2248 782 Altitudo,

428 844 732 925 „praesentantem
754 817 821 890 ἆτος
842 835 938 895 vitot?
959 806 1185 899 woadbtrqg]
1355 811 1502 878 Deiectio
1521 821 1567 896 2),
1589 814 1623 877 in
1644 811 1807 880 Terminis
1829 821 1864 895 ῼ.

512 951 583 1034 (17)
596 926 675 1022 εἶ
689 941 805 1020 rippas
832 952 890 1012 της
916 923 1051 1014 suffic]
1080 951 1112 992 ea
1135 927 1324 1017 reprendar]
1441 928 1587 994 Secunda
1608 951 1679 995 sors
1701 931 1865 995 Fortunae
1886 933 1920 996 in
1943 927 2082 1012 Cancro,
2104 930 2253 1016 graduum

352 1123 360 1130 .
429 1073 503 1158 (18)
530 1083 648 1146 μοιρων
672 1041 818 1121 [araur
846 1042 1017 1132 σ[ελ]ηνης
1036 1039 1225 1133 attamen]
1257 1047 1325 1130 (19)
1357 1045 1422 1125 XI,
1443 1051 1512 1112 siue
1532 1049 1565 1110 iu
1591 1057 1621 1120 9.
1643 1045 1762 1130 Domo,
1784 1049 1867 1135 quae
1891 1061 1942 1113 est
1963 1056 1991 1132 4
2013 1047 2173 1133 Altitudo,
2193 1049 2253 1116 De-

432 1191 704 1262 diagrammate
730 1169 830 1252 omos
855 1184 950 1246 cosma
978 1159 1084 1246 αφοοδ
1107 1158 1218 1246 (2⁰)o
1246 1187 1328 1228 oreo·
1358 1165 1454 1229 ieetia
1477 1163 1532 1242 ad,
1555 1164 1589 1227 in
1614 1159 1777 1228 Terminis
1805 1165 1845 1234 2.

431 1306 582 1377 sponsam
604 1310 662 1370 της
687 1293 833 1371 perrorat
854 1297 953 1342 aaran
975 1275 1045 1360 (21)
1066 1271 1082 1344 ὃ
1106 1300 1163 1360 της
1183 1280 1331 1365 coppedet-
1445 1279 1604 1344 Dominus
1632 1283 1803 1366 geniturae
1834 1283 1935 1367 ipsius
1966 1279 2180 1369 [Anubionia]
2211 1296 2254 1346 est

431 1440 489 1502 της
512 1431 624 1492 aurae·
1369 1395 1392 1464 2
1420 1409 1552 1460 mnam.
1629 1402 1633 1410 '

1129 1613 1171 1686 ll.
1206 1612 1572 1689 Aduatotr'orres.

522 1762 574 1829 De
594 1754 732 1824 barbara
761 1763 794 1812 et
822 1747 938 1812 vitioso
969 1743 1110 1806 auctoris
1132 1739 1235 1824 styla,
1268 1767 1332 1810 nan
1355 1759 1423 1824 est,
1453 1747 1536 1834 quad
1560 1749 1763 1816 disseramus.
1807 1750 1859 1816 De
1891 1745 2183 1836 grammaticalibus
2203 1745 2257 1810 bec

378 1884 383 1890 ’
437 1886 550 1954 saltem
578 1869 791 1944 manendum,
823 1865 970 1948 spiritam
998 1869 1148 1942 asperum
1174 1855 1276 1924 tribus
1305 1863 1338 1924 in
1360 1862 1440 1930 lacis
1470 1865 1555 1950 (Cal.
1570 1866 1596 1933 Ι.
1613 1873 1644 1933 6.
1663 1872 1732 1949 11.,
1755 1879 1787 1930 et
1802 1865 1863 1932 Ill.
1879 1872 1943 1949 21.)
1964 1865 2050 1931 linea
2077 1861 2259 1937 bariuontali

438 2023 522 2070 nune
541 1989 706 2060 vocalibus
730 1979 969 2066 superscriptis,
991 1995 1076 2038 nuuc
1096 1973 1258 2061 inscriptis
1277 1979 1391 2042 notari.

523 2115 552 2178 Ι,
575 2116 607 2172 1.
629 2126 707 2167 ento
729 2105 818 2175 drot,
846 2107 969 2180 septetn
991 2091 1050 2158 Dii
1077 2091 1138 2156 boc
1158 2091 1269 2159 libella
1298 2097 1513 2163 astronomica
1533 2101 1652 2164 diserte
1674 2110 1830 2165 vacentur
1851 2111 1976 2184 septem
2010 2099 2163 2185 planetae
2185 2103 2259 2184 Θ)

444 2239 470 2320 g
490 2229 575 2312 W
589 2225 614 2305 2
629 2225 674 2302 ς),
694 2234 829 2302 quorum
849 2212 979 2275 nomina
1001 2205 1125 2272 Graeca
1143 2223 1218 2272 sunt
1235 2207 1365 2292 Ἥλιος,
1389 2215 1531 2295 Etiam,
1554 2215 1688 2296 Kpovoc,
1705 2219 1794 2298 Ζευς,
1813 2215 1915 2303 Ἀρης,
1933 2215 2100 2300 lipposa,
2109 2263 2120 2297 ,
2138 2210 2261 2300 ‘Epope

440 2351 555 2432 ltaque
574 2340 635 2402 hoc
654 2331 725 2396 loca
748 2331 878 2415 egregie
899 2321 1123 2406 confirmetur,
1138 2327 1237 2412 *quod
1266 2347 1364 2412 snpra
1388 2329 1526 2393 vidimus
1546 2326 1605 2411 (ΙΙ.
1620 2329 1649 2404 A.
1668 2336 1699 2394 2.
1715 2355 1747 2416 p.
1765 2332 1849 2414 74),
1880 2331 2026 2395 maxima
2050 2351 2120 2394 cum
2144 2329 2262 2416 Aegyp·

441 2469 578 2537 tiorum,
599 2468 668 2518 tam
691 2448 888 2512 Graecarum
908 2445 1039 2508 numina
1060 2462 1130 2507 esse
1151 2441 1309 2527 planetas.
1353 2443 1443 2508 Orda
1465 2444 1667 2530 planetarum
1690 2443 1752 2508 hoc
1773 2443 1844 2510 loeo
1866 2461 1915 2510 est
1936 2469 2002 2511 non
2023 2445 2195 2529 naturalis,
2219 2445 2266 2510 sed

445 2568 732 2668 apotelesmaticus.
774 2557 976 2627 Praecedunt
995 2561 1079 2622 euim
1103 2559 1160 2624 Dii
1181 2564 1324 2626 maxime
1346 2559 1491 2626 efficaces
1511 2564 1593 2648 Θ)
1616 2561 1664 2646 i),
1696 2574 1791 2647 atque
1813 2564 1969 2664 dignitate
1991 2566 2133 2629 minares
2155 2573 2179 2643 ῼ
2203 2569 2266 2645 ει)

340 2669 344 2676 ’
442 2701 476 2763 in
497 2683 562 2758 line
584 2685 680 2752 seriei
699 2682 798 2766 positi
820 2693 895 2742 sont
917 2677 960 2763 (l.
974 2682 1005 2756 6.
1021 2681 1074 2740 46.
1086 2700 1119 2763 p.
1136 2681 1188 2742 66.
1203 2677 1317 2764 Νο.Ι.)
2312 2754 2315 2760 ¹

526 2808 558 2884 l,
580 2811 610 2868 3.
632 2800 808 2876 Χαλδαιοι,
830 2809 866 2859 vt
885 2797 990 2860 innuit
1009 2807 1139 2872 auctor,
1168 2798 1397 2860 astronomiam
1426 2805 1459 2858 ot
1482 2791 1690 2877 astrologiam
1711 2791 1911 2860 tradiderunt
1930 2795 2114 2883 Aegyptiis.
2156 2796 2199 2861 ln
2215 2815 2267 2882 qno

445 2923 647 2995 consentiunt
667 2913 812 2998 plerique
837 2925 982 2976 veterum
1010 2913 1185 2975 astronomi
1208 2912 1249 2999 (l.
1270 2936 1303 2998 p.
1318 2911 1377 2996 1.).
1419 2909 1504 2974 Hinc
1524 2927 1694 2994 perperam
1714 2907 1875 2995 losepbus
1897 2910 1986 2995 (Ant.
2002 2912 2030 2976 l.
2048 2935 2076 2978 c.
2090 2917 2139 2994 9.)
2160 2907 2265 2996 aliique

400 3083 403 3088 ·
447 3037 632 3110 Abrabamo
660 3029 719 3092 bas
751 3025 935 3112 disciplinas
964 3028 1212 3112 adscripserunt.
1264 3025 1330 3094 Alii
1358 3025 1417 3092 bas
1448 3039 1533 3090 artes
1565 3023 1606 3088 ab
1634 3026 1714 3110 ipsis
1735 3025 1903 3112 Aegyptiis
1931 3041 2082 3114 repetunt
2114 3029 2158 3115 (l.
2173 3055 2202 3116 p.
2215 3027 2263 3110 l.).

449 3157 600 3223 Ceterum
631 3145 716 3208 buna
741 3141 887 3208 libellum
916 3165 982 3208 nan
1004 3139 1242 3208 Chaldaeorum
1275 3145 1332 3207 sed
1352 3143 1585 3228 Aegyptiarum
1608 3143 1767 3204 rationem
1789 3146 1897 3236 sequi,
1926 3143 2029 3210 Haria
2058 3167 2117 3210 seu
2136 3144 2267 3210 Termini

451 3275 577 3337 docent.
619 3261 722 3325 llaria
742 3262 826 3326 enirn
856 3261 976 3346 passim
997 3257 1138 3324 indicata
1158 3282 1223 3325 nan
1252 3281 1324 3324 cnm
1346 3259 1537 3348 Chaldaeis,
1566 3279 1700 3344 quornm
1732 3257 1904 3344 singularis
1925 3277 1975 3326 est
1997 3265 2100 3345 ratio,
2131 3265 2192 3330 sed
2211 3281 2270 3327 cum

453 3381 660 3470 Aegyptiacis
684 3391 862 3462 congruunt
885 3375 924 3459 (l.
945 3379 974 3454 6.
991 3373 1041 3440 18.
1056 3398 1088 3461 p.
1103 3379 1171 3445 25.)

536 3497 571 3580 l,
596 3503 628 3560 4.
652 3497 817 3573 Πετοσιρις
838 3505 870 3556 et
891 3513 953 3555 rex
973 3497 1089 3574 Νεχευς
1110 3492 1338 3558 astronomiam
1354 3505 1387 3556 et
1401 3489 1610 3576 astrologiam
1633 3490 1814 3555 excoluisse
1828 3491 1988 3561 dicuntur.
2032 3497 2159 3562 Eadem
2174 3497 2274 3563 merita

453 3614 611 3681 sacerdoti
639 3607 809 3676 Petosiridi
831 3612 1090 3714 (nar-operm
1111 3609 1145 3674 lr.
1162 3631 1191 3674 ε.
1214 3613 1272 3694 qttr‘
1289 3609 1336 3674 ad
1355 3607 1513 3673 osiridem
1530 3613 1697 3696 partinet)
1720 3621 1815 3694 atque
1834 3612 1904 3695 regi
1928 3609 2081 3695 Neabea,
2104 3613 2272 3692 Nechaooi,

411 3801 416 3815 .
454 3729 613 3815 Necepso,
630 3729 783 3808 Νεχεψως
800 3727 1089 3824 (anxur-nupta),
1111 3739 1147 3790 vt
1167 3729 1262 3790 etiam
1284 3740 1429 3808 vocatur,
1451 3727 1642 3792 coniunctim
1666 3723 1809 3790 tribuunt
1829 3723 1884 3790 alii
1906 3727 2058 3811 permulti
2079 3731 2277 3814 (stannea.

452 3855 484 3933 p.
504 3849 556 3911 87.
571 3843 650 3909 Vll.
664 3843 717 3908 49.
731 3865 765 3928 p.
780 3847 853 3907 404.
876 3843 1049 3923 Firmium,
1071 3843 1226 3908 Menetbo
1248 3844 1376 3931 aliique.
1398 3843 1476 3908 Vitl.
1493 3863 1591 3928 sopra
1608 3842 1636 3906 Ι.
1656 3847 1687 3920 d.
1706 3841 1764 3928 l.).
1809 3841 1960 3908 Ceterum
1988 3867 2052 3910 non
2081 3849 2277 3935 cogitandum

456 3975 504 4027 est
526 3961 565 4026 tle
586 3957 735 4035 Neobeo,
756 3961 900 4044 principe
916 3959 1083 4043 dynastiae
1104 3961 1188 4042 apud
1209 3961 1388 4050 Aegyptias
1410 3959 1500 4038 XX,
1534 3957 1590 4022 sed
1612 3959 1652 4022 de
1673 3959 1785 4022 seriori
1807 3960 1972 4044 dynastiae
1996 3963 2139 4046 XXVI,
2165 3963 2278 4029 circiter

457 4081 522 4143 600
544 4078 636 4142 aunis
657 4089 731 4139 ante
753 4073 936 4158 Cbristnn,
959 4089 995 4140 vt
1015 4073 1182 4141 Fabricius
1205 4076 1238 4139 in
1258 4077 1343 4143 Bibl.
1366 4076 1423 4142 Gr.
1445 4088 1541 4164 atque
1564 4073 1618 4138 alii
1644 4073 1770 4138 docent.
2027 4057 2030 4066 ¹

540 4192 578 4276 l,
598 4197 631 4256 6.
668 4191 720 4256 De
749 4191 910 4258 Mercurio
944 4206 977 4258 et
1011 4190 1205 4276 Aesculapio
1239 4195 1453 4258 astronomiae
1491 4192 1577 4276 apud
1609 4189 1789 4276 Aegyptios
1823 4191 2046 4259 incentoribus
2078 4207 2110 4258 et
2139 4191 2283 4275 patronis

456 4312 537 4377 satis
558 4330 656 4394 snpra
677 4307 795 4378 dictum
816 4309 856 4392 (l.
874 4331 907 4396 p.
927 4311 983 4394 l.).
1026 4308 1105 4372 l’ast
1125 4305 1310 4392 Aesculapii
1329 4329 1408 4371 vera
1427 4329 1543 4374 nomen
1563 4308 1715 4394 leguntur
1737 4307 1855 4374 verba:
1885 4305 1903 4374 ὅ
1927 4309 2009 4375 ἔστιν
2031 4307 2191 4390 'Iamiam
2216 4303 2287 4377 aiat

454 4423 648 4512 Ἥφαιστον.
691 4424 781 4491 ldem
811 4426 994 4509 Ἀσκληπιος
1015 4436 1149 4490 vocatur
1178 4423 1263 4508 apud
1285 4423 1460 4490 Stobeenm
1482 4423 1565 4506 (Eal.
1581 4427 1609 4491 l.
1624 4430 1675 4490 62.
1689 4447 1722 4510 p.
1737 4429 1824 4509 932.)
1848 4421 1864 4488 ὃ
1887 4424 2056 4508 Ἰμουθης,
2079 4432 2175 4508 atque
2202 4420 2288 4505 apud

460 4542 595 4606 eundem
617 4542 762 4628 (Fregm.
776 4563 830 4606 no.
849 4545 902 4606 62.
919 4563 951 4626 p.
968 4547 1063 4608 1090.
1080 4541 1196 4625 Heer.)
1219 4542 1351 4618 dieitur,
1382 4555 1419 4607 vt
1450 4541 1512 4606 hoa
1539 4542 1631 4618 loca,
1659 4540 1746 4606 filias
1767 4540 1916 4606 Vulcani.
1966 4533 2071 4614 Quam
2094 4535 2136 4607 ab
2158 4556 2289 4601 cansam

459 4661 494 4723 in
513 4678 635 4742 papyro
656 4671 765 4721 nostra
784 4657 869 4725 sorte
890 4657 1062 4743 legendum
1081 4657 1237 4740 ’lucaico
1258 4677 1317 4742 pro
1337 4656 1497 4740 Ἰμενθου,
1521 4659 1643 4746 dequo
1665 4671 1835 4743 praesenta
1856 4653 2057 4743 autographo
2076 4653 2290 4720 indicandam.

462 4770 559 4838 Certe
577 4771 727 4854 Ἰμενθου
756 4773 894 4836 deriuari
922 4787 1028 4857 potest
1057 4773 1099 4838 ab
1120 4767 1265 4864 nuent-l*
1286 4773 1372 4860 qnod
1393 4773 1555 4860 signifieat
1584 4773 1683 4864 ᾁόην,
1709 4775 1889 4854 infernum,
1920 4793 1985 4856 qno
2013 4775 2139 4838 animae
2168 4774 2292 4838 versari

462 4888 683 4954 credebantur.
725 4887 879 4970 Ἷμουθης
900 4909 978 4954 vero
1001 4895 1024 4975 il
1051 4913 1228 4980 cognomen
1249 4891 1335 4956 haud
1359 4890 1591 4979 tlnbiespeotat
1612 4892 1652 4958 ad
1672 4908 1863 4986 merope,
1887 4887 2084 4952 domicilium
2105 4896 2223 4956 martir
2246 4887 2295 4954 vel

462 5012 669 5069 mortuoram.
718 5003 932 5090 Aesculapius
962 5009 1045 5074 enirn
1076 5024 1126 5075 est
1162 5012 1185 5091 1)
1223 5011 1367 5075 infernus
1395 5007 1451 5092 (ll.
1469 5013 1499 5088 t.
1517 5013 1547 5074 8.
1564 5030 1597 5092 p.
1611 5009 1713 5096 109.)
1761 5010 1906 5076 Vocatur
1944 5017 2052 5069 numm
2080 5003 2295 5094 Aesculapius

462 5119 551 5186 filius
572 5117 728 5194 Vulcani,
757 5134 793 5184 vt
813 5121 988 5206 indicetur,
1021 5147 1093 5191 eum
1114 5138 1260 5216 spectare
1287 5125 1327 5189 ad
1356 5144 1500 5190 summos
1519 5122 1749 5209 Aegyptiarum
1780 5123 1877 5204 deas,
1907 5119 2029 5186 scilicet
2050 5125 2071 5186 7
2090 5121 2247 5208 planetas
2266 5137 2297 5188 et

465 5251 610 5302 terram.'
639 5231 724 5301 Nam
752 5249 876 5319 septem
898 5236 1007 5303 Cabiri
1028 5263 1084 5307 sen
1111 5240 1261 5327 planetae
1290 5241 1436 5328 dicuutur
1459 5235 1598 5304 Vulcani
1623 5241 1683 5308 filii
1703 5241 1840 5326 (Herod.
1854 5241 1896 5306 L.
1910 5237 1971 5306 lll.
1989 5217 2017 5304 a.
2035 5241 2088 5304 at.
2104 5237 2257 5328 Hesych.
2273 5263 2298 5306 s.
