4860 6092
916 498 1256 607 ’...ῑ9.-.

168 715 624 784 cousummationis
652 731 685 782 et
708 720 895 786 mstisshuis
917 715 1064 784 veterum
1085 717 1194 798 loeis„
1213 730 1250 780 vt
1280 717 1433 804 vidimus,
1462 719 1504 784 ed
1527 713 1675 805 planetas
1705 736 1803 810 atque
1830 722 2005 792 zodiacum

166 834 358 898 refemotur.
1291 907 1294 912 ,
1837 801 1848 847 ⁸

246 949 350 1014 Porro
370 967 660 1032 oommemoreetur
682 953 915 1042 Aegyptiorum
937 951 1005 1029 Dii,
1030 953 1085 1037 qui
1106 929 1224 1036 partim
1243 951 1284 1016 ad
1307 951 1426 1018 nullum
1447 953 1622 1040 planetam,
1646 969 1703 1020 ant
1716 954 1848 1025 Zodieoi
1863 960 2003 1044 signum,

164 1068 282 1150 partim
302 1066 344 1132 ad
365 1066 461 1152 plura
481 1069 596 1152 referri
617 1091 714 1155 posse
738 1070 898 1135 sidentur.
943 1069 1028 1134 Sene
1052 1069 1092 1132 de
1108 1067 1219 1132 inultis
1241 1069 1424 1154 numinibus
1444 1075 1719 1156 autpauoissima,
1743 1084 1883 1142 eutium
1896 1071 2003 1143 eliens

164 1183 464 1268 praedioeutur,-vt
486 1185 705 1252 diffieiiiimum
730 1189 772 1250 sit
792 1187 833 1250 de
855 1199 970 1250 natura
990 1207 1101 1264 eorum
1123 1169 1345 1251 astronomioa'
1359 1187 1513 1252 iudieare.
1556 1187 1621 1252 Sed
1645 1188 1725 1279 haee
1739 1187 1829 1260 nuile
1849 1205 1899 1254 est
1917 1193 2000 1264 ratio

164 1302 322 1387 negandi,
338 1303 495 1368 eiusmodi
516 1302 609 1370 Deos
631 1303 780 1384 Dessue,
805 1304 890 1391 quod
912 1283 1047 1367 de'eiiis
1068 1300 1190 1369 olerum
1211 1317 1279 1386 est,
1303 1306 1344 1370 ad
1365 1305 1595 1370 astronomiam
1614 1317 1771 1390 spectare.
1815 1305 1897 1414 Suqt
1915 1308 2001 1370 enim

163 1417 283 1501 muita,
310 1441 393 1505 quae
414 1431 542 1503 veteres
564 1418 668 1500 obiter
689 1422 888 1497 monuerint,
909 1433 964 1486 ant
983 1421 1162 1484 omiserint.
1204 1419 1319 1507 Neque
1340 1421 1402 1486 hoo
1423 1423 1675 1508 uagaripotest,
1699 1419 1852 1487 nonnulla
1868 1423 1999 1508 Aegyp-

164 1536 281 1598 tiorum
305 1537 438 1600 numina
458 1537 633 1603 seeundum
654 1536 808 1622 quasdam
831 1537 1047 1622 proprietates
1069 1548 1103 1600 et
1119 1535 1297 1603 adtributa
1319 1552 1416 1624 atque
1436 1537 1601 1622 symbola,
1629 1560 1714 1624 quee
1736 1550 1864 1603 veteres
1881 1540 1922 1602 iis
1943 1538 1999 1602 ed-

161 1649 321 1734 sorihant,
345 1672 410 1716 non
432 1651 473 1716 ad
494 1675 591 1718 vnum
613 1651 776 1740 planetam
798 1664 855 1716 eut
874 1651 1169 1738 Zodiaoipartem,
1192 1652 1249 1718 sed
1267 1653 1307 1717 ad
1330 1654 1440 1740 plures
1459 1658 1530 1720 iure
1555 1658 1733 1740 meritoque
1753 1654 1868 1720 referri
1887 1675 1997 1739 posse.

161 1767 256 1843 Quot
279 1791 341 1834 non
363 1767 439 1832 lieet
457 1772 577 1835 mirari.
610 1769 759 1835 Vidimus
780 1769 865 1834 enim
885 1771 920 1832 iu
944 1768 1163 1856 superioribus
1176 1771 1238 1853 ²⁹),
1260 1791 1332 1836 esee
1353 1771 1506 1858 quasdam
1528 1773 1626 1854 vires,
1647 1771 1782 1836 effeetus
1801 1783 1836 1836 et
1854 1768 2001 1854 symbola

160 1883 247 1948 binis
266 1887 430 1970 ternisque
450 1885 589 1971 planetis
609 1887 801 1953 oomnmnie.
853 1884 1025 1966 Ceterum,
1058 1884 1255 1972 theologiam
1278 1890 1312 1953 in
1341 1891 1504 1972 mysteriis
1532 1888 1675 1954 habitum
1703 1887 1804 1952 fuisse
1826 1887 1912 1974 apud
1932 1885 1998 1952 Ae·

158 2003 308 2088 gyptius,
333 2003 406 2088 quis
427 2016 492 2086 est,
515 2007 570 2091 qui
590 2003 739 2092 ignorati
769 2001 878 2089 Atque
900 2001 982 2066 haee
1005 2006 1301 2087 est'mysteriorum
1323 2021 1469 2074 vetemm
1489 2010 1592 2090 ratio,
1614 2019 1651 2072 vt
1667 2005 1877 2092 ambiguitate
1895 2006 1998 2089 impe·

158 2116 227 2180 diat
258 2115 413 2200 nouitios,
444 2119 497 2184 vei
524 2124 692 2207 profanos.
743 2119 839 2198 Quod
867 2121 1000 2206 egregie
1027 2119 1175 2205 pluribus
1202 2126 1355 2207 exposuit
1382 2125 1553 2212 Meyerns,
1586 2125 1646 2190 Vir
1667 2122 1702 2189 S.
1724 2122 1769 2188 V.
1784 2103 1862 2204 3)).Δ
1899 2117 1999 2186 Nuile

160 2255 240 2298 vero
263 2246 313 2298 est
334 2233 548 2322 ambiguitas,
572 2243 649 2326 quin
669 2242 702 2306 iu
725 2260 761 2304 se
781 2241 853 2324 ipsa
873 2234 993 2302 haheat
1013 2236 1206 2309 solutionem
1229 2259 1332 2322 snam.

241 2348 392 2438 Denique
412 2369 488 2420 sunt
510 2357 746 2446 Aegyptiorum
765 2357 914 2436 numine,
938 2375 1020 2442 quae
1042 2377 1105 2421 non
1127 2357 1168 2420 ed
1191 2355 1327 2439 eoelum,
1350 2358 1408 2423 sed
1428 2359 1547 2426 diserte
1567 2361 1608 2426 ad
1629 2373 1749 2429 terram
1769 2377 1885 2445 rosque
1903 2368 1998 2420 netu·

159 2463 246 2532 sales
273 2468 474 2555 referantur,
509 2473 614 2540 veluti
640 2471 732 2538 Deus
761 2470 885 2550 Nilus.¹
916 2469 1008 2536 Haeo
1037 2471 1240 2540 Chaeremon
1269 2497 1395 2562 qnoque
1424 2475 1495 2542 loeo
1518 2477 1657 2547 ,laudato
1686 2474 1867 2546 lueulouter
1894 2471 2003 2555 doust-⁸

157 2583 222 2648 Sed
237 2581 319 2687 bene
332 2585 393 2654 hoo
409 2587 482 2656 iooo
495 2591 668 2656 tenendum
689 2589 801 2672 estid,
826 2589 911 2677 quod
934 2593 1109 2656 astronomi
1130 2597 1232 2660 nostri
1254 2597 1397 2676 tradunt,
1417 2593 1540 2658 scilieet
1559 2614 1687 2659 omnem
1704 2613 1813 2656 rerum
1836 2603 1995 2666 neumam,

158 2717 225 2768 tum
245 2703 388 2788 eoelum,
413 2721 481 2772 tum
505 2723 643 2790 turem,
663 2720 732 2772 tum
749 2704 991 2792 adspemehiiia,
1014 2719 1082 2772 tum
1101 2709 1308 2796 inedspieua,
1329 2724 1452 2798 septem
1473 2709 1676 2796 planetarum
1696 2708 1831 2789 imperio
1853 2705 1999 2770 subieota

158 2825 299 2903 ossen).
343 2820 621 2899 Quemadmodum
644 2824 797 2912 planetae
819 2830 1039 2909 praesunt-12
1061 2824 1190 2912 Signis,
1215 2826 1383 2908 Decuriis,
1403 2824 1533 2906 Horiis,
1557 2820 1852 2900 Dodeoatemoriis‚
1874 2817 1996 2884 Moeris

158 2937 292 3027 aliisque
321 2940 403 3006 ooeli
431 2942 595 3028 partibus3
625 2945 672 3008 ita
691 2943 789 3006 etiam
811 2939 1017 3007 dominantur
1036 2939 1224 3026 regionibus
1247 2940 1347 3021 coeli,
1380 2953 1539 3016 terrarum
1570 2937 1744 3019 tractibus,
1773 2933 1937 3001 montibus
1964 2947 1997 2998 et

155 3055 314 3139 vallibus,
335 3055 522 3124 fluminibus
545 3073 578 3125 et
599 3058 761 3134 maribus,
784 3058 885 3122 variis
905 3055 1072 3122 homiuum
1091 3057 1283 3144 generibus,
1304 3057 1512 3139 animalibus,
1536 3052 1717 3134 arboribus,
1738 3051 1869 3138 plantis,
1892 3055 1995 3127 saxis,

153 3172 294 3239 metaliis
310 3171 444 3261 aliisque
464 3173 574 3252 rebus,
598 3195 734 3262 quarum
752 3170 889 3235 indioem
906 3191 1004 3257 supra
1027 3172 1245 3240 exhibuimus.
1288 3171 1396 3260 Atque
1411 3174 1492 3240 haee
1510 3176 1615 3239 innuit
1632 3173 1784 3260 egregius
1796 3171 1996 3255 antiquitatis

123 3301 130 3312 '
151 3303 315 3354 scrutator
332 3288 509 3371 Eusebius,
533 3291 661 3372 dicens,
686 3287 836 3353 mendant
860 3293 1088 3373 interseptae
1105 3291 1267 3377 planetus
1288 3289 1427 3354 dinisam
1446 3309 1517 3354 esre
1530 3290 1594 3373 ⁸²).
1637 3287 1836 3374 Rampiana
1858 3287 1992 3352 eandem
2031 3301 2041 3310 ·

151 3403 254 3469 tradit
276 3402 389 3469 Cicero
415 3403 504 3490 (Nat.
519 3405 600 3474 D.I.
623 3409 726 3488 aii).
772 3402 880 3488 Deos,
903 3408 966 3484 ait,
988 3426 1060 3469 esre
1082 3415 1177 3482 oete,·
1202 3413 1342 3496 quinque
1363 3412 1422 3492 qss'
1443 3411 1479 3470 s‘s
1500 3407 1607 3470 stellis
1627 3411 1725 3490 ongis
1745 3403 1913 3491 (planetis)
1935 3424 1993 3468 no-

149 3525 341 3595 minantem
377 3543 475 3588 enam
506 3523 680 3614 (terrarum
702 3520 827 3606 orbem)
852 3526 910 3608 qut·
928 3541 976 3586 ex
1009 3521 1154 3588 essibus
1175 3521 1357 3601 sr'deribm,
1385 3541 1470 3608 quae
1491 3521 1604 3602 infixo
1629 3523 1722 3588 coelo
1747 3511 1843 3602 runt,
1871 3542 1918 3586 ex
1941 3522 1990 3584 ds·-

150 3643 276 3722 apertis
291 3643 390 3724 quors‘
407 3638 573 3719 memhris,
596 3640 737 3725 simplex
758 3644 804 3704 n't
817 3639 991 3724 putandus
1011 3640 1109 3724 deos,·
1130 3647 1295 3726 septimun
1309 3643 1359 3724 Θ,
1385 3649 1536 3705 octauum
1556 3639 1594 3725 h.
1638 3636 1730 3714 Quae
1749 3637 1850 3701 verba
1872 3637 1990 3703 adarim

149 3751 255 3819 adhue
277 3755 420 3842 explicat
441 3755 592 3824 Clemens
613 3759 786 3842 (Protrept.
808 3777 841 3844 p.
851 3759 926 3841 44),
950 3755 1075 3838 dicens,
1098 3775 1169 3820 esre
1191 3766 1313 3843 septem
1337 3756 1431 3826 Deos
1447 3759 1626 3844 planetas,
1650 3761 1801 3818 octauum
1817 3765 1913 3831 'oero,
1935 3759 1992 3837 qttt'

149 3889 199 3935 es
227 3867 279 3935 tis's
299 3871 443 3938 ossibus
467 3885 619 3957 constet,
651 3871 812 3939 muudum.
862 3871 934 3938 Iam
958 3872 1079 3939 olerum
1105 3888 1170 3957 est,
1199 3875 1294 3940 etiam
1325 3853 1491 3942 terrestria
1519 3859 1753 3959 Aegyptiorum
1784 3872 1915 3935 nundna
1945 3868 1988 3930 ad
2064 3859 2066 3870 '

149 3986 322 4072 eoelestia,
351 3992 422 4058 siue
449 3991 489 4057 ad
507 4004 595 4058 astra
614 3993 728 4058 referri
749 3989 877 4058 dehere.
923 3990 1126 4080 Quamquam
1146 3995 1231 4057 enim
1253 4013 1315 4058 non
1340 3997 1463 4081 exigua
1481 3991 1556 4058 inde
1578 3988 1770 4076 ambiguitas
1794 3989 1914 4067 oritur,
1935 3985 1988 4050 res

148 4119 258 4171 tamen
280 4128 345 4172 nou
366 4107 460 4174 aliter
476 4110 549 4175 fert.
594 4107 647 4174 Sin
676 4130 774 4196 quum
795 4131 822 4174 e.
845 4131 876 4196 g.
905 4108 1060 4199 Aegyptii
1081 4110 1193 4176 ionem
1225 4131 1319 4174 suum
1346 4112 1530 4187 nominant3
1561 4111 1594 4174 in
1617 4106 1726 4174 oeulos
1748 4105 1896 4186 incurrit,
1926 4102 1987 4165 hoo

147 4225 278 4288 nomine
300 4226 486 4295 innumeras
507 4227 577 4292 iere
598 4227 748 4292 notiones
770 4240 802 4290 et
823 4227 913 4292 ideas
934 4230 1034 4294 innui.
1086 4225 1301 4315 cogitandum
1335 4229 1419 4292 euim
1450 4240 1500 4293 est
1518 4228 1656 4314 primurn
1682 4221 1721 4285 de
1742 4219 1876 4285 Plauete
1899 4217 1984 4300 Deo,

146 4342 223 4407 hine
243 4343 284 4406 de
304 4342 433 4410 domino
454 4345 632 4431 signorum,
654 4341 730 4409 hino
754 4341 819 4408 alio
840 4360 989 4430 respeetu
1008 4345 1048 4412 de
1068 4345 1197 4413 domino
1220 4349 1392 4432 temporis,
1415 4359 1471 4410 ant
1487 4344 1526 4408 de
1547 4355 1651 4406 terrae
1664 4349 1779 4420 traete,
1804 4350 1859 4402 aut
1873 4351 1983 4416 vento,

149 4471 209 4521 aut
231 4455 346 4542 fluuio,
370 4471 427 4526 aut
448 4459 512 4525 aiio
533 4464 673 4527 numine.
719 4456 826 4535 Quam
850 4461 892 4527 oh
912 4485 1042 4530 oausam
1062 4463 1101 4530 de
1122 4464 1197 4531 Diis
1219 4464 1389 4554 Aegyptiis
1411 4483 1465 4526 res
1486 4461 1629 4524 maxime
1650 4457 1762 4522 variae
1784 4467 1818 4518 et
1836 4453 1983 4519 diuersae

217 4733 264 4798 2⁹)
281 4731 347 4790 Vid.
368 4736 469 4798 Persi.
507 4743 567 4800 M·

216 4832 263 4898 ao)
278 4825 460 4894 Joh‘Fried.
481 4742 537 4896 doe
557 4843 661 4915 Meyer
677 4843 792 4898 Bittter
810 4843 859 4898 tur
878 4843 985 4902 hibere
1004 4847 1162 4904 Wshrheit.
1190 4848 1254 4902 Vol.
1263 4847 1299 4904 V.
1317 4841 1500 4900 Freneoiurti
1515 4857 1541 4897 s.
1558 4841 1600 4896 hi.
1622 4841 1700 4896 182&
1718 4838 1812 4910 nita.
1863 4882 1865 4886 .

215 4931 263 4996 31)
282 4932 348 4990 vta.
366 4937 447 4994 Pers.
456 4941 478 4995 1.
499 4944 578 5011 Mb.
594 4947 638 4998 tt.
656 4962 695 4999 ss.
721 4943 780 4997 Col·
799 4945 870 5000 Toh.
889 4946 1007 5018 lithogr.
1026 4951 1049 5005 i.

211 5034 260 5102 82)
280 5035 386 5092 Euseb.
408 5043 508 5113 Preep.
526 5044 560 5101 L.
567 5047 615 5098 ΙΙΙ.
634 5045 691 5100 ei.
711 5047 797 5098 etiam
816 5043 885 5099 heae
902 5043 1002 5101 hahetr
1021 5049 1064 5100 Ee
1082 5061 1169 5115 porro
1188 5045 1393 5116 Aegyptiorum
1412 5042 1543 5098 doctrina
1562 5042 1635 5108 iult,
1653 5040 1820 5110 exquibus,
1838 5039 1977 5092 rtisuem

140 5118 279 5190 orpheus
298 5119 483 5190 'theologiam
503 5129 654 5198 hauserat,
679 5134 721 5186 ite
739 5131 875 5185 mundum
897 5133 995 5203 vtique
1014 5132 1107 5186 Deum
1126 5147 1191 5186 esse
1208 5131 1309 5196 votuit,
1328 5145 1363 5184 ex
1380 5130 1513 5200 pluribus
1530 5129 1604 5193 Diis,
1622 5135 1765 5196 tamquam
1785 5125 1832 5178 sui
1845 5123 1975 5193 pertibus

138 5211 220 5270 (nem
238 5206 318 5272 toste
338 5224 452 5280 quoque
471 5219 569 5271 mundi
586 5223 682 5288 partes
710 5216 838 5271 Deorum
855 5219 885 5271 in
903 5231 1022 5298 numero
1039 5219 1075 5274 ah
1090 5217 1161 5287 ipsis
1179 5218 1322 5287 repositus
1339 5215 1449 5284 tonse,
1473 5221 1542 5272 ants
1570 5212 1845 5275 demonstrauimus)
1863 5219 1975 5274 compo·

137 5293 230 5344 situm
247 5298 279 5345 et
296 5297 495 5353 coustitutum.
609 5313 614 5322 ·
698 5311 702 5320 ·
