4896 6096
14 5000 16 5042 t

12 5050 15 5103 l

21 5730 37 6078 l

928 561 1267 643 ...ὄό-..-

176 779 326 841 perpesso·
340 749 542 818 definiendus
556 749 609 828 sit,
624 760 661 813 rt
672 745 849 816 Salrnuins
864 749 966 833 docet,
988 773 1044 818 ros
1059 775 1189 836 ycptsos
1202 757 1319 839 slqpcs
1333 767 1479 842 generat,
1501 757 1557 842 qni
1571 759 1778 837 aetermam
1791 767 1824 818 et
1837 759 2016 838 πολυμερως

177 871 368 960 spectandus
388 869 516 950 est²⁰).

1054 1065 1163 1146 .45.

553 1197 956 1322 Technica
1013 1057 1226 1290 clio-oo
1282 1217 1640 1313 tempera.

258 1375 343 1443 Dies
365 1377 551 1461 Aegyptsirs
573 1389 623 1440 est
642 1375 711 1440 (lies
732 1377 911 1459 infaustus,
934 1405 1190 1468 κατημαρμενος,
1214 1402 1309 1467 quern
1333 1377 1471 1446 Romani
1491 1377 1670 1464 Graecique
1691 1376 1818 1457 dixere,
1842 1377 1892 1439 cui
1913 1395 2014 1459 eppo·

173 1513 292 1562 nuntur
314 1492 534 1574 dissidioso,
558 1491 732 1575 εὔχρηστα.
774 1493 886 1561 llorae
908 1519 1036 1586 quoque
1060 1499 1209 1564 dicuutur
1230 1497 1314 1562 aliae
1337 1509 1452 1584 aptae,
1475 1496 1558 1562 aliae
1578 1499 1708 1582 ineptae
1732 1509 1766 1559 et
1787 1492 1948 1558 infaustae
1972 1489 2013 1553 atl

173 1585 265 1680 'varia
294 1616 384 1677 vitae
409 1611 541 1695 negotia
567 1610 748 1676 tractanda.
798 1607 1001 1703 Quamquam
1032 1615 1071 1680 de
1100 1613 1279 1682 rationibus
1303 1637 1369 1681 nen
1398 1616 1478 1680 satis
1508 1625 1652 1693 constat,
1689 1609 1732 1676 ob
1759 1632 1840 1699 quas
1867 1621 2014 1694 tempora

172 1733 334 1821 quaedam
356 1733 391 1793 in
411 1726 597 1792 calendariis
619 1729 759 1815 antiquis
773 1746 886 1797 notata
908 1733 1027 1801 fuerint
1047 1733 1199 1818 inlausta,
1224 1733 1259 1800 id
1281 1747 1388 1799 tamen
1406 1731 1547 1819 pendere
1569 1731 1696 1796 ridetur
1718 1749 1739 1792 a
1760 1725 2012 1793 constellationi·

175 1849 237 1915 bns
258 1848 460 1934 planetarum
480 1846 707 1924 infaustuum,
730 1843 769 1910 (le
791 1847 907 1934 quibus
928 1851 1013 1917 inira
1031 1851 1093 1935 ²¹).

264 1962 380 2028 succe
401 1963 640 2051 ols'aacters'ess
660 1975 710 2028 est
731 1985 834 2032 annus
856 1967 976 2051 fatalis,
998 1990 1059 2057 quo
1082 1965 1226 2054 pericula
1248 1969 1425 2032 imminent.
1468 1965 1555 2032 Nam
1571 1969 1762 2047 κλιμακτηρ,
1785 1959 1915 2046 proprie
1934 1976 2010 2044 gra-

181 2085 238 2149 dus
261 2061 383 2161 scalae,
405 2077 568 2166 significat
590 2078 734 2167 pericula
756 2085 844 2148 ritae
866 2083 1202 2172 fortunarumque22).
1853 2064 1856 2074 Α

260 2195 464 2278 Androclus,
492 2197 664 2283 triponiae
686 2194 785 2284 (male
806 2203 928 2286 passim
952 2203 1121 2270 Androclus
1144 2201 1325 2284 exaratur),
1349 2214 1399 2266 est
1420 2217 1523 2264 mnus
1544 2201 1585 2262 63
1607 2209 1682 2284 post
1704 2204 1824 2292 certam
1846 2190 2007 2280 quandam

177 2318 345 2407 epocham,
371 2317 466 2400 isque
484 2315 784 2399 perniciosissimus,
806 2321 924 2406 qnippe
947 2342 992 2386 ex
1015 2325 1036 2384 7
1056 2332 1089 2384 ot
1110 2319 1234 2384 9inter
1255 2341 1290 2386 se
1310 2318 1529 2405 multiplicatis
1549 2327 1710 2380 constans.
1754 2311 1886 2376 Etenim
1907 2326 2009 2374 mnus

178 2438 327 2524 septimus
348 2445 382 2496 et
403 2452 509 2496 uenus
533 2431 705 2517 perniciosi
725 2431 1000 2523 habebantur22).

260 2549 504 2615 ctrooooraror
525 2547 642 2612 dicitur
660 2546 809 2635 planeta,
833 2531 986 2640 temperis
1007 2553 1173 2636 dominus,
1197 2555 1386 2638 praesertim
1409 2549 1678 2616 vitaehumanae
1700 2551 1801 2616 dator.
1844 2553 1906 2619 Per
1925 2551 2010 2616 diem

179 2669 297 2758 quidem
325 2663 380 2747 Θ,
412 2679 625 2751 pernoctem
657 2666 873 2738 Meminere
895 2668 1067 2736 creduntur
1095 2672 1129 2735 in
1154 2673 1321 2757 genituris.
1371 2669 1432 2734 llis
1455 2665 1582 2754 quidem
1610 2687 1682 2732 eum
1710 2666 1843 2754 reliquis
1868 2666 2008 2752 planetis

176 2801 312 2874 potestas
330 2779 595 2864 adscribebatnr,
615 2804 715 2850 annos
735 2797 883 2850 natorum
905 2808 989 2851 nunc
1003 2786 1152 2874 augendi,
1176 2810 1261 2855 nunc
1278 2783 1457 2864 minuendi,
1480 2781 1656 2848 seeundum
1675 2784 1818 2848 rationes
1838 2777 2008 2867 astrologi-

176 2926 228 2969 cas
245 2902 473 2983 obscuras24).

874 3057 1313 3078 ——ffiu———a-—u—-d-

1044 3233 1060 3258 .
1087 3177 1158 3260 46.

604 3170 1042 3404 obseruationesl
1077 3320 1575 3429 apotelesmaticse.

270 3493 334 3558 lam
351 3489 468 3578 aliquid
489 3491 679 3560 addendum.
694 3509 744 3560 est
765 3497 806 3560 de
829 3494 955 3581 planitia
976 3495 1208 3584 Aegyptiorum
1228 3495 1439 3584 astrologicis.
1482 3495 1650 3561 Lubenter
1677 3492 1804 3580 quidem
1830 3489 2005 3556 abstinere·

179 3631 256 3676 mus
275 3633 292 3674 a
312 3611 450 3681 doctriua
478 3608 560 3673 adeo
589 3613 830 3696 superstitiosa,
862 3611 1050 3679 calamitosa
1077 3637 1115 3680 ac
1142 3637 1219 3680 rere
1244 3618 1362 3702 imma,
1392 3635 1474 3702 quae
1502 3627 1551 3679 est
1579 3609 1764 3696 astrologia.
1805 3607 1898 3672 Haec
1919 3609 2003 3670 enim

173 3732 242 3795 fnit
262 3729 382 3816 generis
403 3726 536 3791 hnmani
556 3729 732 3793 communis
754 3729 823 3794 lere
843 3732 1058 3814 peruersitas,
1085 3745 1121 3797 rt
1142 3731 1295 3815 subinde,
1325 3736 1443 3799 amissa
1469 3751 1528 3818 per
1553 3745 1645 3796 suam
1667 3725 1793 3810 culpant
1821 3725 2004 3811 cognitione

169 3848 313 3914 numinis
338 3845 480 3931 supremi
510 3855 606 3932 atque
633 3843 799 3912 clementis
827 3866 924 3928 vera,
958 3845 998 3910 ad
1020 3870 1138 3914 vanam
1166 3849 1377 3936 religionem,
1408 3863 1566 3915 astrorum
1596 3845 1736 3925 cultum,
1768 3841 2004 3926 uelandumque

166 3965 419 4052 polytheistnum
443 3976 475 4026 et
500 3961 738 4048 pantlteismum
763 3975 796 4027 et
816 3961 1061 4030 naturalismurn
1091 3964 1301 4052 abriperetur.
1352 3965 1418 4035 Sed
1448 3949 1623 4052 ooeologie
1654 3963 1735 4030 adeo
1757 3959 1909 4028 cohaeret
1930 3977 2003 4022 cum

168 4083 385 4161 astronomia,
415 4093 452 4145 rt
471 4103 572 4146 vnum
592 4083 685 4167 quasi
707 4101 824 4166 eorpus
843 4080 926 4144 duae
946 4079 1023 4146 illae
1046 4082 1233 4170 disciplinae
1255 4086 1340 4172 apud
1363 4086 1542 4173 ¹Aegyptios
1566 4082 1749 4160 effecerint,
1772 4097 1875 4162 usque
1899 4073 2003 4139 altera

167 4207 234 4268 sine
257 4199 366 4265 altera
386 4200 515 4284 penitus
536 4195 674 4284 intelligi
695 4198 808 4283 possit.
852 4194 959 4273 Quam
982 4197 1022 4263 ab
1040 4221 1109 4266 rem
1130 4223 1211 4289 opus
1233 4216 1300 4284 est,
1327 4201 1452 4268 duobus
1474 4203 1587 4268 saltem
1610 4197 1716 4266 verbis
1737 4191 1940 4281 significare,
1969 4194 2002 4256 in

166 4341 227 4404 quo
244 4317 431 4382 mastiterit
452 4316 683 4402 Aegyptiorum
700 4311 887 4400 astrologia,
910 4317 979 4380 siue
1001 4315 1154 4396 (lontrina¹
1166 4333 1323 4386 astrorum
1338 4318 1610 4408 apotelesmstica.
1654 4314 1697 4379 Et
1716 4313 1796 4376 haec
1811 4323 1860 4376 est
1875 4308 2002 4396 quidem

168 4439 234 4501 eius
253 4453 396 4498 summa.
440 4431 659 4522 Quaecunque
678 4431 762 4497 fiunt
783 4433 816 4494 in
844 4452 951 4496 rerum
972 4437 1202 4518 vniuersitate,
1233 4452 1266 4502 et
1287 4437 1372 4504 laeta
1394 4450 1487 4519 sunt,
1520 4450 1554 4500 et
1576 4431 1673 4512 fient3
1703 4445 1771 4494 tum
1795 4447 2002 4515 quaecunque

169 4551 354 4618 horninibus
381 4549 519 4636 singulis
553 4565 609 4616 aut
642 4561 753 4636 grata,
786 4563 843 4614 aut
864 4553 992 4637 ingrata
1014 4565 1048 4616 et
1075 4553 1275 4618 incommoda
1303 4555 1466 4620 accidunt:
1495 4574 1534 4618 ea
1563 4550 1698 4618 allectus
1726 4561 1801 4612 sunt
1831 4559 2002 4625 astrorum,

166 4672 373 4757 potismmnm
397 4681 523 4754 septem
544 4667 749 4755 planetarum
770 4688 843 4732 cunr
863 4670 963 4733 variis
984 4669 1066 4736 coeli
1089 4668 1383 4736 constellationibus
1402 4670 1654 4758 cooperantium.
1697 4667 1766 4734 Iam
1787 4665 1896 4743 rides,
1926 4660 2001 4748 quid

194 4841 274 4849 .,,,,,..,
287 4833 603 4847 ...φα-..μ-...η-οο-ο-υ
610 4837 615 4840 -
622 4835 637 4842 ι-

234 4929 281 4988 20)
300 4923 371 4978 vid.
390 4922 513 4975 Salmas.
535 4921 570 4975 de
590 4936 657 4976 ano.
672 4922 828 4979 cumoctcc
843 4923 973 4994 pugilli.

235 5029 282 5090 21)
296 5027 367 5082 Viti.
387 5023 489 5078 Petne.
514 5021 634 5078 Vrauol.
657 5025 753 5092 pili.
789 5021 908 5078 Salonas.
929 5001 963 5079 tle
983 5041 1047 5080 anu.
1068 5026 1189 5079 climart.
1209 5025 1341 5095 pagfltil.
1361 5027 1421 5080 821.

234 5129 287 5192 22)
307 5125 400 5180 Varro
417 5140 463 5194 sp.
484 5107 623 5194 agellium
640 5121 733 5178 1..111.
751 5142 774 5180 c.
785 5125 821 5182 X.
840 5125 927 5180 Salar.
945 5127 979 5178 de
997 5141 1062 5180 aaa.
1084 5128 1158 5179 clim.
1179 5143 1205 5196 p.
1216 5131 1238 5180 1.

229 5228 283 5296 23)
302 5226 445 5282 Firmicus
464 5226 712 5282 Ltn.1v.c.x1v.
732 5242 758 5294 p.
769 5227 830 5280 1⁰5.
857 5227 977 5282 Salmas.
996 5227 1030 5280 de
1051 5241 1115 5282 suu.
1135 5228 1255 5282 climart.
1274 5228 1353 5297 pit.

227 5332 278 5394 22)
295 5329 443 5383 Firminus
462 5325 541 5380 loll.
559 5328 634 5382 cib·
649 5326 694 5381 29.
709 5327 822 5398 pagii.
