4896 6096
1157 631 1242 648 --
1304 581 1523 662 tto-

394 779 397 787 l
427 805 556 874 Etenim
582 807 617 873 nl
648 793 761 876 domus
783 785 818 850 cl
850 794 900 847 est
924 779 1079 844 feminini.
1125 771 1241 838 Tradit
1263 769 1419 836 Aelianus
1446 767 1509 852 (X.
1527 787 1555 830 c.
1572 765 1659 847 th),
1689 754 1906 826 Thermuthin
1935 765 2119 839 serpentem
2143 771 2270 816 mesura

426 924 589 1005 religione
610 912 679 976 celi
696 921 797 990 eaque
816 875 919 964 Isidis
941 895 1140 974 simulacra,
1162 898 1322 973 tanquan
1343 889 1435 968 regis
1455 881 1591 968 quadarn
1613 877 1799 944 diademate
1821 875 1990 936 coronari.
2021 867 2136 934 Habes
2156 871 2272 955 itaque

429 1039 548 1106 Isidem
574 1033 599 1098 T
625 1025 838 1113 proprietates
860 1019 891 1082 rr*
914 1023 1149 1090 assumentem,
1172 1005 1277 1094 quod,
1298 1004 1347 1067 vti
1366 1001 1524 1082 vidimus,
1546 997 1670 1078 accidit,
1693 1013 1791 1080 quum
1811 990 1893 1066 ingl
1915 985 2083 1052 comediis
2103 999 2269 1050 versetur.

429 1151 521 1221 Adde
537 1147 610 1212 loca
629 1139 741 1208 Ouidii
761 1137 887 1223 (Amor.
902 1131 948 1197 ΙΙ.
963 1153 993 1194 e.
1008 1126 1105 1193 XIII.
1120 1125 1201 1191 Met.
1215 1123 1280 1188 lx.
1294 1145 1327 1186 v.
1342 1122 1454 1200 687.),
1477 1113 1592 1204 quibus
1613 1115 1653 1180 de
1673 1111 1758 1176 Iside
1775 1111 1878 1174 canit:
1899 1105 1965 1170 Per
1988 1111 2048 1168 tua
2068 1108 2171 1167 sistra
2187 1123 2270 1186 pre·

335 1340 339 1352 ,
433 1291 490 1334 cor
510 1301 550 1316 -
571 1267 621 1328 sic
643 1268 702 1324 tua
725 1274 825 1321 sacra
839 1256 919 1337 pius
933 1265 1057 1330 semper
1073 1245 1176 1308 Osiris
1198 1247 1286 1304 asset
1300 1242 1466 1323 pigraque
1488 1230 1646 1297 ludantur
1664 1233 1757 1292 circa
1779 1225 1923 1290 donaria
1942 1239 2102 1307 serpens:
2122 1216 2271 1282 Inerant

432 1381 554 1472 (Isidis)
571 1380 706 1443 lunone
712 1372 832 1451 fronti
843 1383 968 1433 cornua
983 1399 1024 1412 —
1047 1369 1083 1425 et
1099 1359 1217 1442 regale
1229 1356 1329 1420 decus
1346 1389 1390 1403 -
1398 1351 1567 1437 plenaque
1590 1343 1768 1422 sonns'feri
1782 1360 1916 1427 serpens
1931 1341 2117 1424 peregrina
2133 1315 2269 1399 ueneni.

435 1503 480 1570 At
501 1522 541 1563 ue
566 1507 680 1582 putes,
709 1481 793 1554 hunc
820 1495 1001 1570 serpentem
1022 1482 1056 1543 in
1084 1479 1188 1562 capite
1216 1473 1310 1538 Isidis
1339 1489 1464 1535 merum
1491 1487 1562 1532 esse
1582 1465 1677 1528 huius
1700 1462 1781 1526 deae
1807 1467 2042 1524 ornamentum.
2083 1451 2267 1537 Horapollo

438 1619 544 1700 (1.1.)
566 1613 669 1691 docet,
692 1616 867 1691 serpentes,
881 1623 964 1689 quae
982 1596 1172 1684 plerumque
1192 1591 1324 1654 deornm
1345 1584 1504 1672 capitibus
1523 1585 1742 1668 imponantur,
1758 1599 1815 1643 eas
1834 1598 1906 1642 esse
1927 1573 1968 1638 ab
1990 1571 2059 1649 Ille,
2073 1567 2268 1634 Thermuthi

439 1731 612 1822 appellata,
634 1725 789 1803 diuersas,
809 1722 927 1808 qnippe
942 1714 1095 1780 innoxias
1116 1721 1151 1772 et
1171 1703 1379 1771 immortales.
1413 1700 1573 1781 Ceterum,
1594 1701 1708 1785 inquit,
1732 1693 1858 1762 Vdaesss
1878 1690 2086 1773 (svmens),
2106 1707 2174 1750 cust
2194 1692 2268 1749 tria

439 1858 623 1936 torpentem
643 1861 781 1930 genera,
805 1831 984 1902 soluendae
1006 1851 1053 1896 erc
1071 1823 1214 1894 onnidus
1233 1822 1415 1888 insensate
1435 1829 1496 1900 est,
1519 1824 1654 1882 caetera
1675 1813 1841 1878 mortalia.
1890 1806 1980 1871 Vnde
1998 1811 2114 1870 nerito
2136 1803 2270 1868 deerunt

440 1962 603 2054 capitibus
631 1964 800 2026 inseritur.
842 1951 991 2036 Denique
1023 1945 1178 2013 Aelianus
1209 1941 1271 2029 (X.
1286 1963 1313 2005 c.
1330 1941 1395 2022 31.)
1425 1937 1544 2000 diserte
1572 1943 1725 2012 testatur,
1752 1929 1822 1992 eh'ci
1849 1922 1990 2004 Isidore,
2019 1921 2164 2008 aspicieus
2200 1926 2272 1982 ean

441 2075 683 2168 (Thermuthin)
705 2070 965 2139 sceleratissimis
984 2059 1161 2128 testatius
1181 2063 1371 2134 instruere,
1396 2065 1435 2119 ut
1453 2056 1604 2118 iustitiae
1621 2048 1932 2134 perspicacissimae
1955 2035 2137 2122 syndetus.
2182 2035 2272 2121 Ergo

445 2205 473 2268 n
499 2217 584 2261 nona
607 2196 641 2257 in
661 2195 698 2266 ὦ
718 2179 974 2276 possessionibus
1003 2177 1184 2267 appellatur
1206 2172 1428 2240 Thermuthis.
1472 2169 1524 2236 De
1556 2167 1653 2232 huius
1682 2165 1762 2226 deae
1790 2158 1984 2246 imaginihus
2012 2155 2047 2220 id
2076 2151 2193 2218 saltem
2230 2173 2273 2216 ex

443 2313 523 2378 locis
542 2309 648 2375 allatis
666 2306 786 2370 clarum
805 2311 866 2380 est,
883 2319 939 2362 eas
959 2297 1060 2360 inisse
1080 2296 1187 2378 figura
1206 2293 1357 2364 feminee,
1382 2285 1492 2371 aspide
1511 2305 1571 2349 seu
1589 2277 1800 2346 Thermuthin
1816 2277 1923 2363 specie
1941 2278 1976 2338 in
1997 2275 2102 2358 eapite
2126 2283 2275 2336 ornatae.

534 2425 689 2501 Tlsueris,
714 2418 868 2502 Θουηρις,
892 2413 933 2478 ad
958 2413 984 2498 t)
1012 2412 1128 2475 referri
1151 2406 1257 2474 debet.
1301 2402 1492 2468 Plutarchus
1514 2402 1571 2488 (Is.
1586 2398 1675 2480 358.)
1698 2395 1786 2461 solus
1807 2394 1891 2458 hanc
1912 2392 2006 2456 deam
2030 2401 2274 2468 commemorer,

447 2547 572 2610 dicens:
601 2537 774 2615 Narrant,
796 2529 931 2596 subinde
945 2524 1102 2614 pluribus
1123 2525 1170 2588 ad
1192 2521 1318 2587 Horuns
1339 2515 1603 2599 inanescentibus,
1625 2514 1776 2599 pellicem
1796 2530 1919 2598 queque
1944 2505 2121 2592 Typhonis,
2146 2510 2276 2569 nomene

452 2658 604 2732 Tlsuers's,
633 2652 680 2717 ud
698 2670 768 2716 eunt
792 2668 828 2714 se
850 2645 1045 2724 contulisse,
1068 2651 1106 2706 et
1129 2659 1289 2724 angaeus,
1311 2643 1369 2725 qui
1392 2655 1462 2698 earn
1487 2638 1762 2720 prosequeretur,
1792 2625 1833 2691 ad
1856 2625 1950 2692 Horo
1974 2621 2148 2689 dissectum
2169 2627 2276 2686 inter-

448 2782 621 2856 esstuanue
634 2767 767 2846 suisse3
794 2763 932 2849 ideoque
953 2759 1060 2825 adhuc
1073 2756 1264 2836 seniculum
1288 2760 1325 2818 in
1350 2752 1453 2816 stedia
1466 2755 1593 2837 proiici
1612 2757 1649 2814 et
1671 2745 1850 2824 contundi.
1893 2740 2171 2822 Quemadmodum
2193 2757 2273 2801 vero

448 2888 618 2976 Nephtlrys
640 2885 724 2971 (siue
750 2881 802 2964 k)
825 2901 911 2946 vxor
942 2878 991 2960 it,
1021 2877 1069 2938 ite
1089 2886 1123 2939 et
1142 2871 1284 2938 Thneris
1312 2873 1396 2957 (siue
1415 2867 1471 2953 stt)
1496 2866 1609 2953 pellex
1636 2865 1780 2930 eiusdem
1800 2864 1863 2927 diei
1883 2875 2022 2949 poteret.
2061 2860 2164 2924 Porro
2190 2855 2278 2941 quod

449 3008 495 3071 dii
514 3001 683 3087 Typhonis
701 3011 810 3085 partes
830 2994 996 3081 reliquisse
1009 3007 1043 3064 et
1059 2992 1098 3056 ad
1115 2991 1242 3057 Horum
1259 2989 1423 3054 nensiisse
1437 2985 1596 3065 dicuntur,
1617 2981 1651 3046 id
1664 2993 1791 3067 spectat
1805 2979 1846 3045 ad
1866 2981 1960 3064 signa
1972 2973 2102 3040 zodiaci
2121 2971 2277 3058 proxima

449 3135 523 3211 post
546 3118 716 3184 solstitium
736 3111 916 3178 hibernum.
957 3110 1073 3194 Pugna
1101 3111 1186 3173 enim
1208 3107 1294 3173 Hori
1319 3126 1392 3170 cum
1413 3100 1573 3188 Typhone
1599 3097 1760 3188 significat
1780 3095 1889 3162 Solem
1910 3116 1956 3158 ex
1977 3091 2111 3156 hihemo
2131 3083 2275 3150 solstitio

452 3241 502 3326 (z
526 3237 582 3319 00)
604 3231 814 3320 prodeuntem
837 3241 932 3314 atque
954 3239 1067 3293 contra
1087 3225 1191 3312 frigus
1212 3225 1262 3308 (ἦ
1292 3236 1325 3287 et
1345 3219 1404 3304 stt)
1424 3234 1631 3309 pugnantem.
1674 3216 1781 3296 Quom
1803 3211 1942 3298 Typhon
1961 3218 2182 3293 superaretur,
2205 3223 2276 3266 uon

449 3354 565 3416 mirum
585 3361 645 3426 est,
663 3348 823 3412 dominum
835 3361 881 3411 :tt
900 3340 1093 3428 aTyphoue
1108 3339 1263 3406 deiecisse
1277 3341 1319 3405 ad
1334 3341 1472 3420 Horum,
1487 3342 1510 3405 i.
1526 3361 1555 3402 e.
1571 3359 1643 3401 eam
1657 3341 1696 3420 Θ
1711 3334 1804 3400 verni
1821 3332 1906 3394 vires
1924 3327 2064 3392 unmsse.
2104 3321 2181 3386 Iluo
2194 3319 2278 3384 facit

452 3487 566 3533 nomen
590 3462 727 3545 Θουηρις
747 3463 771 3525 i.
785 3483 814 3525 e.
837 3478 1009 3564 θηογρη,
1037 3467 1156 3522 centus
1180 3455 1415 3523 meridionalis.
1459 3455 1581 3541 Vtique
1601 3469 1761 3556 eoppae
1782 3447 1937 3514 Austmm
1958 3439 2128 3529 significet.
2170 3436 2279 3522 Regio

450 3605 529 3649 vero
544 3581 686 3666 Aegypti
708 3580 851 3643 maxime
873 3575 1022 3642 australis
1042 3589 1091 3641 est
1111 3577 1278 3660 prouincia
1297 3584 1334 3652 b,
1357 3578 1451 3662 signo
1465 3593 1510 3642 ess
1527 3571 1735 3658 respondens.
1778 3563 1884 3642 Quum
1905 3583 1957 3625 res
1978 3557 2142 3624 naturales
2162 3575 2280 3620 eorum

452 3712 616 3766 assumant
637 3696 770 3760 deorum
792 3696 934 3775 nomina,
957 3692 1074 3779 quibus
1093 3691 1170 3756 illae
1191 3689 1355 3758 subiectae
1378 3697 1458 3774 sinit
1485 3693 1560 3758 hino
1581 3702 1614 3754 et
1635 3684 1776 3753 Thoeris
1803 3684 1941 3769 primum
1961 3677 2091 3765 quidem
2116 3677 2141 3760 i)
2163 3673 2280 3759 plene·

450 3833 527 3892 mm,
549 3814 626 3878 hinc
648 3813 810 3876 dominnm
829 3813 864 3875 in
884 3828 941 3893 es,
964 3808 1039 3873 hinc
1059 3820 1191 3872 ventum
1212 3829 1233 3871 a
1251 3828 1296 3878 etz
1317 3813 1462 3876 terrestri
1481 3809 1724 3896 praescientem
1745 3795 1928 3886 significare
1949 3797 2065 3882 potuit.

539 3924 741 4008 Titltrustlo,
771 3931 970 4012 Τιθραμβω,
1006 3925 1032 4012 i)
1062 3923 1240 4012 significat,
1269 3946 1328 3990 neo
1349 3945 1413 3990 uon
1440 3932 1467 3998 )
1495 3927 1529 3990 in
1556 3926 1581 4009 t)
1609 3920 1768 3986 dominiis.
1808 3917 1952 3981 Primum
1976 3915 2063 3978 enim
2084 3905 2279 3973 Tithramho

451 4069 515 4115 uon
537 4045 645 4110 differt
666 4041 708 4107 ab
727 4042 862 4123 Hecate,
885 4055 919 4106 et
938 4040 1060 4125 Brimo,
1082 4055 1114 4106 et
1132 4042 1336 4129 Proserpina.
1376 4041 1579 4130 Epiphanius
1599 4038 1688 4124 (adu.
1701 4033 1801 4100 Heer.
1814 4031 1875 4097 111.
1892 4055 1925 4119 p.
1941 4030 2048 4114 tuen)
2071 4027 2186 4107 tradit,
2206 4023 2281 4086 Ae-

449 4169 636 4251 gyptioruus
654 4159 741 4223 alios
761 4155 887 4243 quiden
911 4157 1149 4237 Titdrarndeni,
1173 4178 1268 4244 quast
1287 4156 1442 4224 Hecaten
1460 4160 1743 4241 interpretantur,
1762 4150 1849 4214 alios
1867 4145 2040 4234 Neplstdy,
2063 4145 2149 4208 ulios
2173 4139 2285 4206 Tlter-

449 4279 553 4346 stutdi
570 4282 712 4343 initiari.
743 4273 796 4342 Ad
808 4272 1031 4360 Lycophronis
1052 4272 1159 4360 (Cass.
1172 4297 1206 4340 v.
1222 4275 1330 4360 1176.)
1351 4276 1451 4340 verba
1464 4277 1576 4361 Βριμω
1593 4289 1769 4358 spinaeque
1786 4268 1868 4333 haec
1881 4263 2023 4330 Tzetnes
2036 4259 2139 4325 addit:
2160 4253 2282 4318 Brsissc

450 4398 562 4463 eadent
587 4403 655 4474 est,
684 4411 769 4479 quae
792 4399 829 4455 et
852 4388 985 4457 Hecate
1013 4390 1144 4456 tunm.
1185 4389 1299 4457 Etiant
1326 4397 1455 4456 nomine
1482 4389 1594 4455 eadent
1622 4389 1854 4471 Proserpinam
1883 4379 2087 4465 conpellant.
2135 4369 2284 4437 Videtur

450 4535 530 4577 cero
551 4511 633 4576 haec
654 4517 690 4573 et
709 4506 839 4572 Hecate
858 4527 926 4572 cna
945 4506 1118 4592 eademqne
1138 4526 1219 4574 esse.
1261 4507 1332 4574 Iam
1353 4531 1432 4574 vero
1452 4507 1556 4574 dehis
1574 4503 1758 4571 numinibus
1772 4499 1861 4568 mala
1879 4515 2021 4586 quaeque
2036 4505 2070 4556 et
2088 4491 2288 4576 perniciosa

450 4627 687 4713 praedicantur,
709 4645 791 4711 quae
811 4645 876 4689 non
898 4625 962 4688 nisi
989 4623 1147 4688 malorum
1167 4625 1301 4710 principi
1332 4623 1357 4707 i)
1388 4627 1560 4690 conuenire
1580 4630 1725 4708 possunt.
1768 4617 1925 4703 Apuleius
1945 4609 2040 4692 (Met.
2055 4606 2155 4692 XI.):
2192 4603 2287 4673 Siue

449 4751 488 4808 tu
510 4738 671 4803 Ceres-
697 4761 754 4806 seu
778 4745 949 4804 nocturnis
968 4737 1150 4805 ululatibus
1177 4737 1343 4804 horrenda
1366 4739 1578 4824 Proserpina.
1621 4717 1781 4822 Virgilius
1802 4734 1900 4818 (Aen.
1914 4727 1974 4795 IV.
1988 4715 2097 4808 iouh:
2125 4723 2289 4790 Nactus·-

449 4862 562 4942 ns'sque
581 4852 713 4921 Hecate
740 4859 853 4918 triuiis
879 4853 1008 4918 eiulatu
1029 4873 1097 4942 per
1129 4851 1226 4919 ardes
1251 4863 1288 4920 ct
1309 4855 1405 4921 duae
1430 4858 1578 4922 ultrioes.
1621 4852 1754 4920 Seruium
1773 4851 1829 4935 (ad
1847 4849 1881 4914 h.
1894 4845 1954 4932 l.):
1988 4843 2142 4910 Hecaten
2164 4851 2289 4910 auten

446 4977 582 5037 mercat
608 4992 711 5040 causa
738 4972 883 5036 ultionis.
934 4967 1024 5033 Vnde
1055 4979 1091 5035 et
1109 4967 1235 5038 Furias
1262 4981 1372 5038 uocat.
1413 4971 1504 5040 Vltio
1530 4968 1709 5059 quidemr)
1740 4981 1790 5035 est
1808 4967 1958 5052 propria,
1980 4961 2066 5026 rude
2085 4970 2120 5024 et
2138 4959 2289 5040 Νεμεως

445 5085 547 5173 ”¹¹8⁰
576 5088 752 5155 V⁰⁰⁸b³i¹¹¹
779 5087 821 5171 (1·
836 5089 867 5166 i·
881 5093 915 5152 4·
929 5107 961 5171 P·
976 5086 1053 5171 Νι).
1093 5089 1196 5156 Porro
1224 5087 1414 5156 Tithramho
1438 5101 1564 5156 constat
1592 5085 1760 5155 vocabulis
1782 5075 2055 5187 †-epe-iffloe·
2099 5071 2290 5160 Significat

446 5203 685 5295 catamitum,
714 5203 785 5282 rel,
812 5203 921 5269 addite
941 5225 968 5282 Ν
989 5203 1203 5291 prosthetico,
1232 5205 1340 5283 innon
1361 5212 1455 5286 tran,
1476 5207 1649 5286 eltr‘onssr,
1670 5201 1757 5269 vnde
1782 5195 1975 5266 Tithramho
1997 5206 2063 5276 est,
2087 5208 2173 5278 quoe
2199 5199 2291 5277 agit

443 5329 539 5409 irase,
561 5327 895 5408 accusatoremne
923 5319 948 5401 b
976 5319 1119 5404 planete.
1160 5323 1288 5389 Deinde
1311 5320 1402 5400 irem
1424 5335 1474 5386 est
1494 5341 1611 5387 nomeu
1633 5316 1723 5385 vrbis
1746 5316 1887 5398 Ombos,
1909 5337 2004 5406 quac,
2027 5305 2176 5404 capitalis
2196 5329 2292 5394 pro-
