4830 6102
1165 485 1532 568 *356-

442 691 575 762 qnennt,
598 701 722 768 quaeue
740 699 909 764 perperam
930 679 1159 766 agecgrapbie
1177 679 1368 745 indicentur.
1411 676 1519 752 Quum
1532 695 1611 742 vero
1623 671 1803 760 Aegyptus,
1820 686 1855 736 vt
1869 673 2009 738 vidimus
2021 693 2125 760 supra
2141 678 2276 762 (pen),

442 795 537 861 iuxta
556 797 730 862 Zodiaeum
757 797 860 860 diuisa
886 795 999 877 luerit,
1033 807 1131 882 atque
1158 797 1331 878 etiamnum
1362 794 1564 883 geographia
1593 791 1736 879 Aegypti
1757 791 1974 856 asmonomioa
1994 789 2122 868 ersten
2160 813 2281 881 operae

443 915 581 998 pretium
597 913 720 995 luerit,
751 915 930 978 accuratius
949 912 1061 978 sidere
1082 913 1123 977 de
1141 915 1363 1001 antiquissima
1383 913 1525 1002 Aegypti
1545 909 1756 1000 geographie,
1776 909 2077 995 prouinciarumque
2097 923 2131 974 et
2151 909 2279 975 vrbium

444 1031 518 1092 situ.
561 1026 714 1096 Ceterum
740 1051 991 1096 commemorare
1013 1029 1104 1116 licet,
1138 1053 1203 1097 non
1225 1029 1330 1098 solum
1353 1031 1557 1118 Aegyptum,
1585 1028 1644 1092 sed
1663 1026 1746 1092 aliae
1768 1026 1865 1090 etiam
1887 1038 2010 1101 terrae,
2037 1039 2074 1091 vt
2094 1025 2278 1108 Graeciam,

443 1143 669 1230 Palaestinam,
687 1147 823 1230 Indiam,
841 1147 964 1226 Sinam,
985 1148 1071 1212 forte
1092 1169 1204 1214 omnes
1225 1157 1329 1214 terrae
1350 1150 1526 1235 antiquitus
1545 1146 1666 1210 diuisae
1687 1145 1789 1210 luisse
1810 1143 1852 1206 ed
1868 1141 1997 1206 modum
2007 1141 2146 1208 zodiaci.
2176 1143 2279 1244 Deni-

443 1281 505 1346 que
523 1284 568 1360 ne
588 1262 651 1328 boc
671 1265 800 1352 quidem
821 1264 955 1330 silentiov
971 1268 1239 1351 praetereundum
1262 1279 1332 1348 est,
1365 1265 1593 1330 astronomiam
1614 1261 1849 1347 Aegyptiam
1874 1257 1995 1343 aliquid
2016 1259 2160 1324 conferre
2180 1281 2279 1346 posse

445 1375 484 1440 ad
507 1377 757 1466 explicationem
779 1384 1021 1468 inscriptionum
1041 1382 1259 1465 Persicorum,
1289 1358 1372 1469 quae
1392 1379 1494 1468 vulgo
1516 1381 1680 1458 dicuntur,
1707 1377 1970 1442 cuneolorminm.
2011 1374 2141 1441 Scilicet
2158 1377 2279 1444 diserte

443 1495 566 1562 Plinius
601 1499 714 1578 cudit,
753 1499 997 1568 obseruationes
1035 1503 1265 1566 astronomicae
1293 1497 1457 1566 laterculis
1491 1493 1660 1562 coctilibus
1690 1493 1821 1560 inscribi
1849 1495 2058 1558 oonsueuisse
2086 1496 2275 1581 antiquitus.

445 1611 629 1700 Epigenes,
658 1619 761 1704 inquit
784 1617 873 1702 (Lib.
892 1616 968 1682 Vll.
986 1639 1014 1682 c.
1028 1619 1116 1703 bn),
1144 1617 1235 1704 apud
1261 1614 1463 1699 babylonios
1490 1611 1653 1677 DCCXX.
1678 1609 1838 1677 aaronem
1864 1609 2117 1674 demetiente
2136 1610 2278 1675 Meroe

448 1729 619 1796 coctile'due
638 1732 811 1798 latereulis
831 1738 1010 1818 inscriptos
1035 1733 1147 1816 dccet,
1177 1738 1295 1818 gruum
1318 1739 1437 1796 caeter
1457 1734 1619 1816 s'apre'ere'a
1663 1725 1772 1804 Quom
1788 1726 2039 1813 Babyloniorum
2061 1741 2095 1792 et
2110 1729 2280 1792 Persarum

447 1846 532 1911 idem
558 1847 656 1912 fuerit
679 1853 894 1915 aeconomiae
917 1851 1057 1915 studium
1078 1851 1252 1938 eademqne
1277 1852 1393 1914 artium
1415 1849 1517 1922 retio;
1539 1867 1604 1912 non
1627 1845 1750 1924 dubito,
1772 1847 1849 1932 quin
1871 1845 1983 1910 eodem
2008 1844 2105 1910 modo
2128 1843 2280 1912 obserua-

448 1965 554 2028 tiones
577 1965 719 2030 eidemin
739 1968 772 2030 in
792 1966 904 2032 Persia
924 1991 1050 2056 qnoque
1078 1982 1289 2034 conseruatae
1313 1967 1443 2032 inerint.
1485 1963 1554 2030 lem
1576 1985 1655 2028 verc
1680 1983 1745 2028 nou
1772 1964 1868 2048 pauci
1888 1961 2036 2028 letmoali
2057 1961 2192 2028 coctiles
2214 1985 2280 2028 enta

448 2081 710 2168 inscriptionibus
731 2084 991 2150 cuneolormibue
1011 2089 1129 2172 reperti
1147 2099 1232 2167 aunt,
1254 2097 1352 2170 etque
1374 2103 1436 2168 ego
1453 2103 1607 2170 praem
1628 2079 1770 2146 Londini
1793 2081 1832 2144 in
1848 2079 1975 2149 Palatio
1996 2077 2106 2144 ludico
2128 2081 2283 2146 eiusmodi

449 2193 573 2283 lapidee
596 2199 672 2275 vidi,
694 2202 770 2286 qui,
793 2203 855 2266 nisi
876 2205 985 2268 omnia
1008 2201 1140 2282 lallunt,
1163 2202 1405 2286 inscriptionum
1424 2201 1712 2266 astronomicarum
1732 2214 1811 2283 prae
1832 2217 1868 2260 ee
1888 2198 1998 2262 ierunt
2019 2197 2171 2282 speciem.
2214 2198 2284 2263 llne

449 2325 595 2398 spectare
624 2315 773 2382 videntur
801 2339 881 2382 vasa
905 2318 1055 2384 Etrusca.
1097 2317 1235 2384 Constm
1256 2320 1357 2394 enim,
1390 2319 1427 2380 in
1447 2315 1603 2403 sepulcris
1629 2313 1721 2380 ltalia
1741 2315 1881 2402 antiquie
1900 2317 2037 2400 reperiri
2063 2326 2150 2378 certo
2171 2314 2284 2380 ordine

451 2431 628 2513 compotita
650 2453 734 2498 nnnc
754 2434 835 2516 Xll,
858 2456 941 2501 nunc
963 2435 1041 2518 Vll,
1064 2458 1148 2502 nunc
1168 2434 1264 2521 plara
1284 2456 1364 2499 vasa
1386 2447 1484 2521 etque
1505 2445 1638 2499 exstare
1658 2433 1691 2496 in
1713 2433 1755 2496 iis
1776 2428 1899 2517 figures
1921 2433 2016 2516 qnasi
2035 2431 2210 2518 Signorum
2230 2453 2284 2518 pa-

452 2558 562 2610 tronos
588 2568 660 2612 curu
681 2547 820 2634 planetis
841 2555 1080 2636 exprimentes,
1110 2567 1146 2622 vt
1165 2556 1199 2618 in
1225 2554 1442 2618 monumentis
1460 2549 1668 2636 Aegyptiacis
1687 2545 1787 2630 (Teb.
1802 2543 1925 2631 Vtin).
1970 2545 2079 2624 Qare
2098 2569 2285 2637 pereuanm

450 2661 527 2726 mibi
549 2659 673 2744 habeo,
696 2681 922 2754 argumentum
942 2690 1095 2736 vesorum
1116 2671 1326 2736 Etruscorum
1348 2688 1421 2734 esse
1441 2667 1700 2733 astronomicam.
1745 2661 1830 2728 Hinc
1850 2685 1939 2730 sane.
1953 2682 2151 2752 magnopere
2173 2665 2284 2732 dolen-

448 2779 535 2856 dume
555 2791 726 2862 ¹¹⁰⁸if⁸²082
749 2804 849 2868 quom
870 2789 1029 2854 eiusmodi
1045 2787 1194 2876 sepulcre
1216 2800 1249 2852 et
1267 2807 1419 2855 vasorum
1435 2786 1630 2862 coniunctae
1651 2782 1861 2863 inuenissent,
1883 2783 2006 2848 ratione
2026 2778 2194 2846 barberica
2215 2784 2282 2846 sia·

451 2895 530 2981 gula
551 2895 733 2979 direptione.
778 2899 832 2964 Sic
858 2900 962 2964 lectur
984 2905 1154 2970 homuncio
1176 2905 1339 2970 inuenisse
1367 2901 1539 2990 aliquande
1564 2898 1837 2982 inscriptionem,
1859 2921 1994 2984 quarum
2020 2897 2129 2964 literae
2151 2899 2282 2962 domum

452 3021 606 3096 portaret.
650 3007 714 3078 Sed
742 3015 782 3080 de
809 3014 860 3081 bie
886 3037 951 3082 non
981 2991 1076 3082 buiud
1105 3030 1156 3083 est
1184 3019 1248 3082 loci
1275 3021 1370 3102 plcre
1399 3020 1568 3086 disserere.
1613 3015 1848 3082 Grauissimnm
1872 3029 1998 3099 manet,
2027 3019 2134 3103 quarti
2154 3017 2282 3102 generis

452 3126 767 3214 hieroglyphicorum
788 3133 902 3220 (typici
925 3131 1005 3198 ller.
1022 3133 1067 3199 ll.
1087 3139 1172 3218 136.)
1194 3133 1318 3198 clauom
1338 3131 1473 3198 latuisse
1493 3132 1528 3201 in
1547 3134 1756 3198 astronomia.
1884 3114 1886 3116 ,

1309 3351 1426 3436 Vlll.

913 3482 1155 3556 [menecea
1182 3501 1385 3576 exegeseon
1418 3478 1564 3554 Vareni
1591 3477 1837 3554 Testamenti.

540 3609 675 3696 Duplex
698 3623 747 3675 eet
767 3611 844 3678 Vet.
865 3605 957 3680 Teet.
978 3612 1372 3701 argnmentum,·altcrnm
1394 3611 1622 3699 dogmaticum,
1641 3633 1700 3698 per
1719 3633 1756 3678 ee
1778 3609 1899 3678 clerum
1919 3620 2017 3696 atque
2039 3625 2199 3679 contextu
2220 3611 2312 3702 illu-¹

456 3727 639 3808 strandum,
670 3725 805 3792 alterum
832 3730 1028 3796 historicum.
1071 3731 1236 3798 Historica
1257 3730 1386 3818 quidem
1410 3727 1538 3795 Codicis
1559 3727 1649 3793 Sacri
1671 3749 1766 3815 pere,
1797 3729 1917 3814 qnippe
1939 3730 2139 3814 antiquaria,
2166 3733 2295 3796 nonnisi

459 3844 657 3928 antiquitatis
678 3845 785 3909 studio
805 3843 961 3912 illustrari
983 3863 1016 3912 et
1037 3847 1195 3934 explicari
1214 3860 1331 3935 petest.
1373 3844 1516 3932 Populus
1538 3843 1735 3910 memnon·
1757 3843 1799 3910 ab
1819 3845 2051 3930 antiquissimis
2074 3847 2151 3912 inde
2170 3863 2299 3935 tempo·

458 3955 548 4022 ribus
567 3980 668 4046 vsqne
689 3961 729 4025 ed
750 3963 915 4028 interitum
935 3985 1029 4030 suum
1049 3968 1176 4033 vamum
1198 3967 1423 4032 commercium
1442 3959 1557 4028 babuit
1573 3981 1646 4026 eum
1667 3959 1740 4026 aliie
1758 3959 1898 4047 pepulit,
1921 3965 2125 4046 potissimum
2141 3985 2213 4030 cnm
2229 3965 2302 4031 Ae-

458 4079 588 4164 gyptiis.
631 4077 804 4142 Praeterea
822 4077 988 4166 Scriptum
1001 4081 1100 4147 Sacra
1115 4104 1179 4148 non
1201 4083 1306 4149 solnm
1328 4083 1369 4148 ad
1390 4077 1526 4146 eliorum
1540 4077 1732 4166 populorum
1751 4077 1932 4156 historiam,
1952 4077 2154 4165 religionem,
2169 4101 2304 4165 morea,

461 4214 599 4278 seneque
630 4206 662 4257 et
692 4197 912 4282 ritorpeesim
937 4196 1066 4273 ellndit;
1101 4199 1158 4264 ced
1186 4211 1311 4266 constat
1333 4219 1460 4287 quoqne
1484 4193 1650 4260 leraeites
1678 4195 1720 4262 ab
1749 4197 1979 4283 antiquissimis
1999 4197 2074 4260 inde
2094 4194 2308 4280 temporibus

461 4307 562 4374 multa
587 4311 727 4376 traxisse
749 4310 789 4376 ab
812 4311 886 4377 aliie
906 4312 1076 4400 gentibus,
1103 4317 1249 4402 inprimis
1272 4315 1313 4382 eb
1333 4315 1525 4402 Aegyptiis,
1552 4332 1708 4400 suumque
1733 4315 1766 4378 in
1795 4333 1887 4377 veum
1910 4314 2119 4392 conuertisse,
2152 4323 2214 4386 aut
2236 4307 2323 4400 per‘

462 4423 561 4490 breue
589 4439 734 4514 tempus,
770 4443 820 4494 vt·
836 4429 1055 4496 idololatricae
1084 4433 1349 4515 consuetudines,
1381 4444 1438 4497 aut
1466 4453 1526 4517 per
1554 4428 1703 4516 longius,
1732 4445 1770 4496 vt
1796 4432 1903 4494 variae
1927 4441 2010 4492 artes
2033 4439 2066 4490 et
2090 4427 2306 4516 disciplinas.

463 4538 666 4628 Quemquam
692 4545 777 4610 enim
803 4545 914 4612 Mores
941 4549 1051 4614 diuina
1085 4552 1276 4617 anctoritate
1305 4551 1412 4615 omnia
1439 4547 1610 4633 abrogauit
1631 4559 1666 4610 et
1693 4547 1853 4628 coercuit,
1879 4563 1959 4631 qnae
1987 4563 2064 4608 cum
2091 4543 2159 4610 Dei
2181 4545 2224 4612 0.
2250 4547 2308 4614 Μ.

464 4661 633 4724 sanctitate
653 4672 686 4724 et
705 4665 884 4746 maiestate,
905 4686 979 4730 cnm
999 4669 1118 4752 pietate
1141 4687 1330 4754 morumque
1350 4667 1536 4752 integritate
1558 4679 1760 4753 pugnarent3
1788 4665 1907 4728 intecta
1923 4672 2038 4750 tamen
2057 4659 2190 4749 reliquit
2207 4661 2312 4730 ‹idra-

464 4757 556 4858 pcpc'
570 4795 727 4862 quaeque.
769 4775 877 4853 Qnidl
899 4782 984 4868 qnod
1006 4781 1115 4848 Moses
1135 4783 1404 4865 multoeebnme,
1425 4780 1748 4850 subornationem
1769 4777 1899 4844 aliaita
1921 4780 2081 4860 correxit,
2104 4790 2140 4842 vt
2158 4779 2223 4841 rite
2245 4799 2312 4844 re-

466 4892 559 4954 tineri
578 4906 722 4978 possent,
743 4896 791 4960 vti
812 4915 927 4962 nomen
941 4895 1016 4980 Dei,
1037 4899 1077 4966 de
1100 4921 1164 4988 qno
1185 4901 1281 4966 intre.
1323 4897 1433 4986 Quare
1451 4896 1533 4964 nibil
1554 4897 1742 4964 offendente
1758 4893 1869 4973 nabet,
1881 4893 1917 4960 id
1938 4895 2026 4982 quod
2046 4892 2163 4959 dodum
2183 4891 2316 4964 obaer-

466 5018 575 5068 retum
600 5026 659 5092 est,
682 5013 769 5098 apud
790 5012 954 5080 israelites
974 5019 1095 5101 pariter
1117 5029 1213 5106 etque
1232 5017 1413 5110 Aegyptios
1433 5015 1576 5106 eliceqne
1597 5015 1766 5084 ebremari
1786 5014 1904 5076 artium
1927 5011 2168 5090 multorumve
2189 5013 2317 5082 erebi·

468 5139 620 5204 tecturae,
638 5131 824 5213 scripturae,
841 5151 957 5196 rsnnm
977 5135 1150 5217 veriorum,
1174 5149 1210 5205 rt
1229 5135 1466 5224 chronologiae,
1489 5153 1722 5213 mensurarum,
1743 5127 1934 5216 ponderum,
1950 5145 2073 5194 morum
2095 5121 2314 5219 eductaque

467 5260 572 5306 rerum
594 5241 753 5325 quandem
775 5246 1024 5314 similitudinem.
1068 5249 1159 5326 Quor
1185 5252 1313 5338 quidem
1342 5251 1384 5318 ob
1412 5271 1526 5320 censes
1544 5256 1712 5328 innumere
1737 5247 1808 5312 lere
1827 5243 1959 5310 Veteris
1980 5243 2186 5310 Testamenti
2214 5245 2318 5331 loca,
