4928 6102
450 695 580 770 cedant,
601 687 702 752 multo
722 687 862 750 iuniores
883 684 1044 769 potandae
1067 699 1142 750 suet
1167 685 1390 770 Aegyptiacis,
1417 699 1513 770 atque
1535 687 1646 748 tritura
1670 696 1732 764 est,
1757 703 1853 768 quam
1875 707 1997 771 paucae
2018 701 2051 752 et
2076 693 2194 774 partim
2217 694 2277 756 iru-

449 811 611 896 perfectae
633 815 795 868 astrorum
815 799 1060 867 ehseruationes
1081 805 1231 887 antiquae
1260 801 1299 864 ad
1322 815 1465 864 renuam
1492 811 1632 866 aetatem
1653 802 1871 884 perceperint.
1913 799 2013 867 Recte
2036 804 2164 889 quidem
2185 805 2279 872 uehis

449 927 606 1002 obiicitur,
628 921 853 986 astronomiam
873 931 1026 997 vetarem,
1049 921 1168 1005 quippe
1190 916 1299 983 multis
1320 918 1462 982 numeris
1483 915 1599 980 falsam
1620 929 1653 980 et
1672 917 1834 996 vitiosam,
1856 915 1945 982 nude
1965 931 2061 1004 pacto
2077 941 2149 984 cum
2167 935 2279 988 aesna

448 1037 627 1125 comparari
647 1057 760 1122 pesse3
785 1034 841 1098 sed
862 1053 927 1097 nen
950 1035 1056 1118 agitur
1081 1032 1143 1098 hec
1165 1032 1236 1097 leco
1260 1035 1299 1099 de
1321 1034 1413 1100 lalcis
1435 1033 1668 1119 Aegyptiorum
1687 1033 1910 1117 opinionibus,
1932 1035 1992 1100 sed
2012 1036 2053 1102 de
2073 1035 2277 1122 planetarum

447 1157 524 1220 locis
544 1167 631 1218 recte
650 1151 840 1232 obseruatis,
864 1153 896 1214 in
913 1171 977 1234 que
994 1131 1147 1235 Aegyptii
1164 1152 1243 1214 satis
1265 1152 1480 1236 proiecerunt.
1522 1148 1644 1215 Notum
1663 1151 1749 1213 euim
1771 1162 1820 1214 est
1842 1163 1875 1214 et
1895 1149 2077 1238 vulgatum,
2095 1153 2277 1241 Aegyptios

446 1271 557 1337 stellas
586 1290 698 1334 omues
726 1271 824 1332 etiarn
851 1271 991 1332 minutas
1014 1268 1250 1332 accuratissime
1272 1270 1357 1332 iuter
1391 1287 1427 1332 se
1453 1267 1644 1332 distinxisse
1663 1279 1761 1352 atqua
1789 1263 1965 1350 zodiacum
1994 1273 2166 1355 praecipue
2194 1271 2275 1337 adae

447 1402 595 1453 accurato
616 1387 782 1465 diuisisse,
806 1398 842 1448 vt
862 1383 1017 1449 haherent
1038 1405 1102 1447 nen
1124 1382 1229 1447 solum
1250 1382 1386 1469 medus,
1410 1381 1467 1446 sed
1490 1383 1585 1444 etiam
1608 1383 1747 1446 minutas
1765 1381 1830 1468 ²²).
1873 1383 2014 1470 Exque
2035 1389 2134 1452 etiam
2151 1371 2275 1476 colligi.

378 1527 385 1534 ·
447 1517 508 1584 tur,
530 1519 641 1566 eorum
657 1500 825 1586 horologia
847 1499 1021 1585 etreliqua
1041 1502 1255 1564 instrumenta
1277 1500 1490 1564 astronomica
1511 1495 1612 1560 molto
1629 1497 1822 1582 perfectiora
1842 1499 1953 1582 luisse,
1975 1523 2073 1588 quera
2093 1503 2193 1590 mrlgo
2214 1527 2273 1590 pu-

445 1631 544 1683 tatur.
586 1615 699 1701 Neque
722 1612 852 1678 dubium
874 1628 939 1696 est,
968 1618 1045 1701 quin
1067 1614 1138 1680 alia
1153 1615 1255 1680 multe
1275 1617 1315 1680 de
1338 1627 1450 1679 nostra
1472 1615 1669 1678 mueuoruia
1690 1612 1863 1678 habuerint
1881 1619 2030 1702 cognita,
2053 1639 2152 1704 quam
2174 1624 2273 1685 totins

444 1733 644 1820 antiquitatis
662 1729 774 1794 ocules
795 1732 828 1793 in
851 1753 888 1796 se
910 1735 1126 1796 conuerterint
1147 1729 1271 1817 sibique
1293 1732 1467 1794 meruerint
1488 1750 1665 1815 cognomen
1686 1729 1852 1796 heminam
1873 1735 2185 1818 sapieudmimorum
2207 1739 2271 1819 ²⁸).

525 1849 698 1913 Praeterea
717 1849 910 1910 astronomia
924 1847 1122 1933 Aegyptiace
1141 1851 1188 1911 ita
1207 1859 1394 1934 comparata
1416 1858 1477 1926 est,
1499 1858 1536 1908 vt
1557 1843 1675 1909 multas
1698 1844 1778 1910 alias
1799 1846 1983 1934 disciplinas
2001 1872 2202 1938 cummopere
2222 1857 2272 1918 in·

443 1971 693 2046 exspectatoque
714 1960 889 2045 expedire,
912 1965 1101 2045 emendare,
1124 1985 1245 2050 augere
1265 1964 1393 2029 debeat.
1436 1959 1526 2027 Nihil
1548 1962 1651 2025 diuam
1674 1961 1714 2028 de
1744 1983 1801 2045 ee,
1833 1965 1921 2050 qnod
1945 1980 2102 2032 sexcenta
2124 1981 2271 2036 veterum

442 2083 631 2166 scriptorum
654 2079 752 2142 etiem
778 2077 898 2142 codicis
921 2083 1002 2144 sacri
1030 2081 1101 2147 loca
1131 2103 1195 2146 nen
1224 2083 1285 2144 uisi
1306 2078 1402 2144 rebus
1421 2075 1665 2165 Aegyptiorum¹
1677 2083 1899 2146 astronomicis
1919 2087 2095 2168 perspectis
2116 2089 2204 2151 recte
2222 2089 2271 2151 in·

442 2196 544 2283 telligi
565 2208 597 2259 et
619 2191 777 2278 explicari
801 2209 947 2279 possum,
972 2208 1068 2283 utque
1088 2211 1223 2280 taceam,
1247 2208 1400 2283 quantum
1419 2195 1500 2260 haec
1522 2197 1654 2260 ιιίοιιιίι
1673 2195 1783 2262 rolant
1803 2199 1844 2262 ad
1863 2196 2073 2285 philologia·
2093 2201 2270 2288 Aegyptia·

441 2336 511 2379 caru
534 2310 796 2398 promerendam.
839 2310 1023 2377 Literatura
1042 2318 1127 2379 enim
1150 2311 1403 2399 Hiereglyphica
1427 2314 1602 2376 arctissime
1624 2310 1774 2377 cohaeret
1796 2333 1868 2378 cum
1889 2315 2117 2382 sacratioribus
2140 2331 2173 2381 et
2195 2317 2270 2383 ohs-

440 2427 630 2494 trusierihus
655 2425 879 2513 philosophiae
907 2434 1138 2494 astronomicae
1166 2427 1349 2494 notionibus
1379 2441 1412 2492 et
1439 2426 1576 2514 placitis.
1621 2428 1726 2494 Vnam
1763 2429 1880 2494 afferre
1907 2429 2004 2496 liceat
2029 2433 2269 2522 mythologimu.

439 2543 587 2623 Constat,
608 2542 851 2630 Aegyptiacum,
875 2544 1043 2627 Graecam,
1065 2546 1207 2611 Indicam
1229 2559 1262 2611 et
1279 2547 1443 2612 Persicam
1464 2558 1497 2609 et
1514 2544 1708 2632 reliquarum
1729 2548 1895 2611 nationum
1917 2547 2151 2637 mythologias,
2171 2561 2269 2639 quum

439 2662 617 2726 arctissime
640 2662 724 2724 iuter
744 2682 779 2724 se
801 2681 968 2726 connexae
988 2665 1064 2744 siut,
1083 2676 1207 2728 tantum
1230 2661 1354 2742 abesse,
1378 2673 1414 2725 vt
1432 2675 1621 2748 perspectae
1644 2675 1676 2725 et
1698 2660 1894 2747 explanatae
1915 2663 2081 2746 dicentur,
2107 2679 2143 2730 vt
2167 2685 2268 2751 geue·

439 2779 539 2842 relem
565 2773 812 2839 illustrationem
833 2791 867 2841 et
887 2779 927 2842 ad
947 2781 1034 2843 iusta
1057 2783 1214 2867 principia
1235 2779 1473 2844 resecationem
1496 2777 1599 2842 adhuc
1619 2776 1811 2843 desiderent.
1844 2774 1961 2852 ¹Quum
1983 2785 2086 2864 emm,
2119 2781 2267 2848 omnihus

437 2897 500 2958 viis
521 2893 651 2956 tentatis
669 2905 702 2954 ct
723 2891 866 2956 lentibus
889 2891 1070 2978 exhaustis,
1093 2896 1195 2962 melta
1214 2897 1248 2960 iu
1270 2917 1309 2960 ea
1329 2893 1496 2980 disciplina
1514 2896 1638 2958 incerta
1652 2909 1686 2958 st
1707 2893 1804 2959 dubia
1818 2899 2011 2972 mainerium
2023 2899 2267 2983 ¹¹desperandum

415 3031 516 3074 -saue
538 3008 578 3072 de
609 3029 648 3072 ea
671 3011 754 3088 erit,
794 3010 822 3071 si
843 3017 911 3072 neu'
930 3031 1016 3074 noua
1043 3011 1186 3080 subsidia
1211 3012 1366 3076 adducere
1394 3025 1427 3076 et
1455 3009 1607 3074 adhihere
1636 3012 1816 3096 contigerit.
1858 3011 2045 3098 Explauata
2068 3013 2268 3100 mythologie

438 3127 655 3214 Aegyptiace,
677 3124 820 3211 reliquae
845 3147 956 3190 omncs
978 3127 1052 3192 iude
1076 3128 1248 3214 plurimum
1270 3127 1427 3193 commodi
1449 3141 1482 3190 ct
1503 3126 1658 3192 claritatis
1678 3123 1805 3192 mahsut
1829 3141 1963 3216 totaque
1982 3145 2130 3198 veterum
2150 3130 2265 3216 religio

438 3242 478 3304 ad
500 3245 584 3304 iusta
603 3213 759 3326 principiis
778 3245 922 3306 reuocari
945 3233 1072 3328 peterit
1556 3227 1564 3238 ⁸

521 3355 629 3431 Quum
653 3378 731 3443 ergo
753 3362 948 3424 astronomia
967 3361 1168 3448 Aegyptiace
1189 3379 1229 3422 ea
1249 3361 1302 3438 sit,
1325 3370 1361 3421 vt
1382 3371 1416 3422 et
1437 3356 1681 3444 chronologiam
1700 3372 1733 3423 et
1758 3359 1925 3425 historiam
1948 3377 1981 3425 et
2000 3359 2208 3448 philologiam
2233 3379 2265 3430 et

437 3472 667 3558 mythologiem
690 3489 722 3538 et
744 3480 973 3543 astronomiam
996 3491 1029 3542 ιι
1049 3475 1129 3542 alies
1146 3473 1331 3561 disciplinas
1352 3446 1557 3560 summopdge
1576 3493 1769 3560 promouere
1791 3488 1824 3539 et
1847 3497 1967 3562 angera
1982 3497 2078 3560 pesse
2101 3477 2264 3558 videntum

436 3612 513 3654 saue
535 3595 810 3678 operaepretium
833 3615 904 3659 esse
926 3609 1085 3679 putamus,
1108 3590 1217 3678 paullo
1242 3590 1421 3654 accuratius
1443 3605 1476 3656 et
1501 3590 1685 3677 diligentias
1704 3594 1738 3656 iu
1758 3591 1822 3658 hoc
1844 3604 2065 3680 argummtu
2090 3594 2262 3677 inquirere.

1315 4037 1327 4062 .
1364 3981 1404 4061 3.

712 4122 780 4204 De
803 4111 971 4210 radone
1001 3975 1342 4237 hieroglyphiolrs
1373 4123 1685 4212 astronomicae
1714 4069 1991 4228 iuuenicuda.

520 4315 570 4380 Ad
594 4311 802 4398 intelligenda
822 4322 940 4404 scripta
964 4323 1175 4384 astronomica
1194 4323 1399 4406 requiruntur
1421 4320 1622 4404 potissimum
1646 4321 1724 4391 tria3
1764 4320 1904 4402 cognitio
1930 4319 2114 4402 signorum,
2144 4316 2262 4402 quibus

435 4433 582 4517 planetae
605 4431 839 4514 exprimuntur,
868 4440 1006 4522 cognitio
1029 4457 1204 4523 agnorum,
1227 4435 1342 4522 quihus
1366 4433 1496 4500 zodiaci
1517 4447 1625 4519 partes
1648 4432 1891 4518 particulaeque
1909 4433 2102 4511 indicantur,
2124 4431 2263 4521 denique

435 4549 575 4632 cognitio
597 4543 706 4629 legum
730 4567 766 4609 ac
788 4551 993 4636 regularum,
1031 4553 1071 4624 ad
1093 4573 1171 4639 quas
1191 4549 1263 4617 loca
1283 4551 1485 4637 planetarum
1506 4547 1680 4614 zodiacalia
1701 4547 1966 4636 planetarumque
1985 4553 2095 4614 vanae
2115 4553 2200 4615 inter
2224 4573 2261 4616 se

531 4712 640 4720 ---.-·--
650 4714 740 4720 --.....-.-
746 4715 759 4721 -
764 4715 769 4722 ι

500 4805 546 4865 at)
564 4801 677 4854 Firmis.
696 4801 768 4856 Mat.
784 4803 852 4860 L.l.
870 4821 897 4874 p.
909 4807 949 4860 18.
968 4805 1129 4859 Secundum
1147 4803 1267 4858 Sextum
1290 4803 1368 4873 Emp.
1386 4805 1495 4859 trev.
1517 4819 1543 4871 p.
1554 4803 1612 4856 111.
1633 4801 1678 4858 ed.
1697 4803 1781 4856 Febr.
1801 4803 1936 4873 Aegyptii
1955 4807 2053 4871 partes
2073 4800 2187 4854 Zediaci
2207 4809 2260 4858 mi·

435 4903 519 4939 nores
540 4901 595 4939 non
618 4886 789 4951 hahuerunt,
808 4901 892 4958 qoam
911 4893 1047 4944 minutas.

502 4987 548 5050 ²8)
565 4986 690 5041 hieoroh.
710 4987 767 5041 Sat.
791 4989 868 5044 [nli.
888 4992 993 5043 alic.
1015 4985 1345 5041 Pseudo-Callisthenes
1367 4987 1432 5042 Vita
1447 4988 1528 5041 Alex.
1544 4986 1584 5040 m.
1603 4989 1634 5039 in
1651 4986 1735 5040 Fahr.
1757 4985 1820 5040 Bib.
1840 4985 1874 5037 a:
1893 4985 1928 5041 V.
1942 4987 1982 5038 14„
2000 4999 2028 5052 p.
2043 4983 2103 5035 188.
2134 4983 2257 5039 Diodor.

434 5069 490 5122 Sic.
508 5071 571 5122 [al.
589 5085 613 5122 c.
622 5071 716 5126 81318.
741 5073 847 5128 Strabo
865 5077 899 5129 L.
907 5077 928 5128 1.
947 5073 1073 5129 acuta
1090 5071 1220 5128 mxvii.
1238 5089 1264 5142 p.
1276 5073 1436 5126 lliull'tl.
1455 5071 1609 5126 Herculi.
1627 5086 1651 5123 c.
1664 5071 1690 5122 i.
1705 5071 1748 5123 8².
1767 5069 1883 5124 Firmis.
1900 5069 1971 5122 hist.
1990 5067 2025 5122 L.
2036 5065 2085 5121 iil.
2102 5085 2127 5123 c.
2137 5073 2161 5120 1.
2178 5070 2258 5136 pA't.

434 5155 572 5206 Geminus
596 5156 626 5205 iu
650 5155 750 5210 Petau.
767 5157 884 5212 Vranol.
909 5175 936 5228 p.
949 5159 991 5212 62.
1017 5157 1163 5211 censorin.
1183 5158 1219 5210 de
1237 5159 1282 5212 die
1302 5153 1643 5223 Nat.c.x1x.syneett
1663 5168 1690 5221 p.
1707 5153 1749 5210 ih.
1769 5156 1830 5210 Cei.
1853 5157 1899 5208 Du
1921 5151 2024 5208 Hamsl
2039 5155 2151 5208 ilistor.
2171 5153 2258 5211 Acad.

433 5239 538 5292 Sciant.
554 5240 649 5306 pete.
670 5243 713 5296 ed.
735 5243 811 5312 Lips.
