4904 6100
891 538 1262 621 ...175-

163 724 290 813 (lei.
305 746 336 810 p.
352 721 460 807 tta),
485 721 628 809 palmam
647 743 713 788 non
734 709 797 788 nisi
817 728 851 789 in
875 722 1044 794 Thebaide
1067 749 1228 804 meroem
1251 752 1315 817 qno
1335 733 1451 812 innuit,
1476 739 1524 818 2),
1549 736 1795 828 Oeoodaspotae
1814 754 2007 825 {gaam

164 863 233 908 esse
258 840 337 906 benc
364 839 532 906 arborem.
575 841 662 906 Hinc
687 839 795 906 insule
824 837 982 908 Tebenna
1008 847 1238 938 (ra-anuas
1267 845 1457 932 palmiiere)'
1481 852 1514 916 in
1547 851 1716 922 Thebaida
1747 860 1879 938 (lunen.
1903 868 1946 933 L.
1961 869 2005 937 v,

161 963 223 1026 Sat.
238 964 314 1044 ta),
337 958 457 1045 palmis
481 959 614 1024 referta.
661 953 763 1022 Teste
784 957 952 1026 Herodoto
970 935 1104 1060 aethra,
1126 965 1223 1028 etiarn
1242 967 1275 1030 in
1300 965 1406 1032 inaula
1429 966 1597 1054 Chammi,
1620 995 1704 1061 quae
1725 974 1767 1039 ed
1789 985 1822 1050 ιι
1842 981 2012 1054 decuriam·

160 1083 190 1143 in
214 1084 242 1158 k
269 1079 409 1163 pertinet
431 1075 523 1142 haud
545 1074 655 1157 dubio,
678 1071 806 1160 palmae
829 1075 1043 1144 habebantur.

237 1196 398 1280 Pspyrtts,
424 1201 558 1274 ιἰιιιι,
577 1214 735 1276 sarapte,
755 1199 879 1274 βιβλος,
903 1189 1040 1277 ozerroa,
1063 1215 1187 1302 repam,
1205 1215 1295 1274 xm
1316 1203 1391 1298 (i),
1411 1221 1527 1308 9391,
1548 1211 1575 1287 zp
1595 1217 1629 1270 at
1654 1204 1689 1275 Θ
1701 1207 1880 1291 nymbolum
1901 1218 2003 1286 paim

163 1315 287 1380 videtur.
330 1313 369 1380 ln
389 1333 493 1378 numo
515 1308 741 1378 Alexandrino
764 1310 848 1395 apud
868 1310 1057 1396 Pignorinm
1079 1307 1222 1396 (Pabula
1245 1316 1338 1383 laiac.
1351 1339 1385 1404 p.
1400 1325 1452 1384 81.
1467 1320 1588 1407 Amat.)
1610 1336 1722 1390 exstat
1742 1325 1873 1416 Serapis
1902 1355 2001 1402 manu

165 1433 283 1495 iuncum
302 1443 430 1506 tenens.
472 1430 528 1494 Ex
548 1447 624 1515 quo,
647 1447 745 1512 quum
767 1426 899 1512 Serapis
919 1430 962 1493 tit
981 1426 1017 1497 Θ
1036 1433 1070 1494 in
1098 1437 1147 1514 z,
1170 1435 1316 1518 nequitur
1335 1437 1466 1502 iuncum
1487 1452 1544 1504 ant
1568 1444 1614 1518 Θ,
1635 1455 1692 1507 eut
1718 1439 1743 1511 Ῑι
1769 1467 1895 1514 seuram
1917 1474 1998 1518 0220.

164 1545 402 1633 Theophrastus
429 1559 537 1610 autem
557 1543 659 1628 (Hiat.
675 1542 782 1609 Pient.
799 1542 861 1608 lV.
876 1537 905 1609 o.
921 1549 966 1629 9.)
991 1547 1104 1628 tradit,
1132 1569 1290 1634 papyrum
1311 1572 1375 1615 non
1401 1553 1532 1621 differre
1554 1579 1575 1620 a
1594 1558 1682 1624 iunci
1703 1565 1812 1647 speeie
1836 1562 1921 1630 Sari
1942 1591 2000 1656 ap·

164 1663 289 1749 pellata.
335 1661 435 1738 Sari,
455 1663 572 1748 inquit,
593 1667 630 1725 ιἰι
651 1679 739 1746 oque
758 1666 920 1744 prouenit
939 1667 1031 1728 ιιι-ιιι
1047 1665 1194 1749 paludes
1214 1673 1311 1753 iupus
1333 1676 1474 1755 campie,
1498 1691 1579 1756 paor
1600 1671 1702 1739 Nilus
1723 1680 1881 1746 ιιοιᾰιιιι
1903 1684 1997 1750 dere·

164 1781 267 1865 liquit.
319 1778 442 1844 Plinius
465 1781 542 1844 item
571 1777 682 1877 (itm.
708 1799 735 1843 c.
750 1779 831 1864 23.).
873 1778 1055 1862 Fruticote',
1079 1783 1193 1869 inquit,
1215 1789 1353 1866 generis
1374 1795 1426 1850 ert
1448 1797 1484 1852 et
1503 1784 1587 1852 Sora·
1604 1795 1696 1853 circo
1719 1793 1832 1860 Nilaea
1854 1817 1995 1866 anacam

164 1897 300 1961 daona
313 1895 396 1973 fere
413 1891 591 1964 abatem
610 1893 808 1976 altitudine,
824 1898 989 1982 polliceri
1000 1899 1233 1980 cruentatae,
1255 1921 1346 1966 corte
1363 1908 1501 1988 papyri,
1523 1907 1683 1990 subtilique
1706 1912 1873 1978 manditur
1891 1917 1994 1983 modo.

165 2015 253 2080 Hinc
278 2026 310 2077 et
334 2033 420 2078 mere
442 2009 572 2076 rubrum
598 2011 771 2098 Aegyptiis
798 2014 974 2080 vocabatur
997 2035 1070 2091 ιοιι
1091 2013 1222 2120 ὴῳλρι
1244 2037 1336 2080 nort
1360 2024 1545 2102 ιἰιιιιιιιιιι,
1571 2022 1731 2090 Hebraeis
1758 2043 1816 2116 qen
1839 2043 1875 2096 nr
1905 2051 1996 2096 „m

14 2141 19 2148 '
166 2138 317 2197 aarum
356 2130 423 2196 lem
446 2130 519 2194 Sari
541 2151 605 2196 non
627 2129 736 2194 differt
760 2128 802 2196 ab
823 2131 905 2211 Siti,
934 2132 1002 2199 Nili
1032 2137 1224 2220 cognomine
1253 2134 1436 2218 (Jeblonak.
1453 2139 1569 2206 Pantb.
1586 2140 1775 2209 t’.11.144.
1794 2148 1845 2230 ι.).
1889 2146 1993 2224 Quam

165 2249 208 2314 ob
229 2269 448 2346 caeremonia
471 2245 566 2312 Nilne
586 2245 623 2318 Θ
644 2258 678 2311 et
705 2253 845 2328 2isaoer
869 2250 979 2334 inerit,
991 2227 1174 2336 eradiant}
1189 2265 1222 2316 et
1242 2273 1399 2337 papyrum
1421 2253 1462 2318 ad
1483 2255 1544 2322 boe
1560 2257 1705 2345 planetes
1726 2263 1839 2327 referri
1864 2263 1993 2346 debere,

164 2367 343 2453 praesertim
364 2389 436 2431 enm
456 2369 491 2430 in
512 2363 590 2430 Nilo
608 2377 759 2430 nascetur
781 2387 818 2430 ec
845 2388 923 2432 vera
951 2369 1042 2454 regie
1060 2370 1103 2432 sit
1123 2367 1235 2454 plenta
1250 2391 1294 2434 eo
1315 2368 1473 2437 sublimis.
1515 2374 1590 2439 Huc
1610 2376 1688 2440 iacit
1711 2378 1850 2466 deniqne
1874 2403 1992 2447 nomeu

163 2487 275 2571 papyri
294 2501 524 2588 iia-now,
547 2481 596 2546 od
616 2499 725 2566 regest
741 2487 926 2568 partum,
950 2483 1043 2550 velut
1063 2484 1176 2571 plenta
1197 2489 1302 2573 regie,
1326 2489 1395 2552 siue
1417 2487 1551 2570 Solaria,
1575 2493 1646 2556 siue
1667 2493 1811 2560 lonialis.

242 2603 373 2686 Peraea,
393 2627 521 2684 πιρσιι,
545 2623 695 2685 arpenta,
718 2607 859 2683 βιβασα,
880 2622 975 2698 gyne,
997 2605 1022 2680 3
1045 2601 1237 2687 symbolum.
1281 2602 1375 2668 Hanc
1398 2603 1547 2671 arborem
1569 2608 1677 2675 dieunt
1698 2633 1718 2675 e
1740 2614 1859 2678 Perseo
1882 2617 1936 2698 (ἃ)
1960 2619 1993 2682 in

160 2722 335 2808 hegyptmn
358 2720 551 2786 translatam
574 2738 646 2782 esse
666 2715 801 2802 (Krene.
818 2717 929 2803 Symb.
946 2719 1007 2786 lv.
1024 2722 1105 2806 34.)
1149 2719 1246 2786 Certe
1270 2742 1387 2787 nomen
1408 2723 1620 2805 demonstrat,
1642 2747 1715 2791 eam
1733 2729 1871 2809 Perseo,
1891 2733 1942 2793 oui
1959 2745 1993 2794 et

159 2843 248 2926 piscia
261 2861 394 2926 perseus
411 2838 563 2904 conuenit
580 2833 668 2916 (Ael.
681 2833 871 2917 x111.2t.),
895 2857 1019 2902 sacrem
1048 2839 1165 2911 fnisse3
1191 2859 1285 2924 quem
1306 2838 1459 2902 Perseum
1479 2845 1517 2916 (γ’
1537 2839 1731 2926 significare,
1750 2847 1863 2930 negari
1882 2849 1994 2932 nequit

159 2963 199 3046 (p.
214 2963 313 3042 116.)
357 2955 451 3024 Folia
470 2955 610 3020 Peraeae
628 2955 662 3017 in
683 2955 900 3018 monumentis
920 2954 1089 3041 Aegyptiis
1109 2951 1227 3017 similia
1247 2966 1322 3018 sunt
1342 2954 1468 3039 cuspidi
1485 2953 1608 3038 heatae,
1627 2959 1654 3034 ὃ
1674 2958 1821 3042 symbolo
1842 2962 1883 3046 (1.
1897 2967 1990 3041 §.tta

157 3101 185 3164 p.
199 3083 252 3142 tt.
272 3075 387 3142 Descr-
402 3073 442 3135 de
459 3071 542 3156 l'Eg.
559 3071 585 3136 1.
599 3073 679 3154 55.)
721 3067 956 3154 suppeditabat
973 3089 1089 3156 persea
1108 3068 1215 3134 oleum
1236 3070 1299 3155 (ι’)
1324 3083 1356 3136 at
1372 3071 1521 3138 dentibus
1539 3073 1604 3158 (m)
1625 3075 1816 3144 credebatur
1837 3078 1988 3144 salubris.

155 3195 193 3260 ln
221 3193 308 3256 iusto
333 3191 472 3277 quodam
500 3187 720 3252 Alexandriae
750 3184 861 3252 bebito
886 3206 1043 3272 persone,
1074 3187 1326 3274 quinquennium
1352 3189 1579 3274 (ιιιιτιιηριδα)
1599 3191 1804 3280 significans,
1837 3219 1989 3262 coronam

155 3311 320 3384 Peraeam,
345 3305 451 3368 altere
468 3324 563 3368 manu
584 3304 720 3390 primam
742 3302 812 3387 (21.)
834 3300 994 3389 gestabat.
1039 3293 1161 3380 Quinto
1185 3316 1293 3370 eutem
1317 3327 1443 3392 quoqne
1466 3311 1607 3390 anno,ui
1630 3311 1757 3378 initium
1772 3314 1874 3380 iacias
1898 3336 1918 3378 e
1938 3328 1990 3396 γ’,

159 3432 193 3495 d
214 3443 289 3489 cura
307 3435 355 3505 ιι,
378 3419 598 3506 Oeoodeepote
630 3427 677 3498 φ,
706 3422 911 3506 coniungitur
934 3443 1046 3488 mensa
1067 3424 1143 3488 enni
1163 3423 1285 3508 prirno;
1307 3434 1341 3486 et
1362 3423 1397 3489 :P
1422 3427 1493 3509 ipae
1514 3427 1644 3512 quintus
1665 3440 1715 3494 ιιι
1733 3427 1878 3514 planeta.
1921 3427 1991 3492 Iam

157 3563 240 3610 vero
263 3538 447 3606 Plutarchus
467 3537 525 3625 (Is.
541 3540 604 3603 548
622 3543 681 3622 ιι.)
703 3557 851 3622 perseum
872 3537 949 3604 Isidi
967 3537 1128 3621 adscribit,
1147 3539 1232 3625 quod
1255 3553 1381 3624 pugnet
1396 3562 1469 3606 cum
1488 3541 1719 3629 superioribus,
1741 3546 1769 3609 si
1792 3567 1855 3609 non
1877 3564 1989 3607 eonne-

155 3664 228 3739 das,
250 3657 459 3737 Plutarchum,
481 3668 518 3720 ιι
540 3655 622 3720 alios
642 3651 760 3720 multos
779 3655 916 3738 (Krane.
932 3655 955 3722 1.
968 3657 1018 3742 1.),
1040 3658 1191 3723 Peraeam
1213 3655 1276 3741 (td)
1294 3676 1367 3722 cum
1380 3655 1508 3724 Persico
1530 3660 1581 3744 (2)
1601 3659 1795 3740 confudisse,
1812 3672 1879 3740 ant,
1901 3658 1990 3742 quod

151 3773 353 3867 probabilius
374 3787 433 3855 est,
452 3773 604 3839 Neitbarn
627 3773 691 3857 (ὦ)
716 3771 896 3858 appellasse
920 3771 1050 3840 laidem.
1095 3774 1217 3861 Vtique
1250 3774 1524 3840 vetares-laidem
1549 3774 1702 3838 dixerunt
1729 3779 1935 3854 πολυωιυμιι
1956 3789 1988 3838 et
2022 3837 2025 3844 .

148 3917 353 3980 pauperescunt
372 3891 552 3976 (Letronne
569 3889 668 3955 Roob.
685 3911 718 3975 p.
733 3893 836 3974 455.)
879 3890 965 3957 Hinc
986 3889 1176 3958 Plutarchus
1197 3892 1257 3975 (la.
1272 3914 1306 3979 p.
1323 3895 1413 3976 554.)
1437 3893 1500 3970 ait,
1536 3889 1624 3974 qaod
1649 3884 1714 3956 Sei
1736 3902 1790 3957 ert
1806 3891 1988 3956 Mineruae

151 4011 337 4094 (Ἀθηιις),
365 4030 461 4095 paon
480 4015 517 4073 et
538 4006 657 4072 reue·
679 4004 890 4073 arbitrentur
910 4005 962 4094 (ἦν
986 4034 1038 4076 και
1059 4007 1137 4074 'iota
1157 4009 1367 4092 νομιζουσι),
1385 4006 1529 4085 fonsa,
1553 4003 1639 4072 betto
1658 4005 1780 4074 tatere
1799 4013 1986 4092 isseretio-

153 4149 234 4192 ιιι·
257 4123 337 4210 Ego
362 4145 430 4190 ruat
452 4145 545 4190 onae
566 4135 628 4188 oet.

229 4244 417 4320 Plutones,
438 4247 617 4322 eiuraret,
652 4245 679 4318 2
707 4254 764 4305 eut
791 4241 811 4310 ii
841 4262 933 4306 sacre
953 4241 1053 4307 fuisse
1075 4241 1213 4306 videtur.
1256 4239 1392 4328 Propter
1412 4240 1683 4328 pulchritudinem
1706 4255 1739 4306 et
1760 4240 1891 4306 ymbres
1911 4260 1987 4306 auae

153 4361 228 4424 haee
247 4357 344 4424 arbor
365 4357 486 4445 abique
508 4370 665 4422 terrermn
687 4377 707 4422 a
728 4354 893 4421 veteribus
914 4357 1080 4422 colebatur
1102 4358 1277 4446 diuinaque
1299 4359 1421 4426 honore
1443 4355 1633 4422 habebatur.
1676 4356 1761 4424 Hinc
1781 4355 1985 4423 Rhadaman·

153 4477 229 4540 thus
250 4477 354 4539 iurare
373 4477 479 4556 iussit,
502 4495 566 4540 non
586 4495 645 4560 per
667 4474 800 4540 deorum
821 4477 964 4554 nomine,
988 4472 1047 4540 sed
1067 4496 1126 4560 par
1147 4497 1294 4546 anserem
1317 4476 1393 4560 (b),
1416 4495 1475 4560 per
1495 4492 1607 4537 cenam
1632 4472 1705 4558 (9),
1727 4497 1786 4562 per
1805 4473 1984 4560 platanum,

151 4615 209 4680 per
229 4594 360 4658 arietem
384 4599 467 4675 (ιι),
491 4605 528 4657 ιι
549 4591 740 4658 Eustetbins
760 4590 1008 4677 (Ῥιδιμαιθος)
1029 4592 1150 4682 aliique
1176 4593 1342 4674 (Michael.
1358 4591 1473 4677 Apost.
1491 4585 1583 4653 Ceut.
1598 4588 1878 4657 Prouerb.XVIl.
1891 4612 1924 4655 ιι.
1936 4589 1983 4677 7.)

151 4721 318 4774 testantur.
360 4705 457 4785 Quod
485 4706 641 4775 Aelianua
664 4707 707 4795 (1.
722 4707 789 4792 at.)
811 4707 993 4792 fabuletur,
1020 4709 1144 4796 platani
1165 4711 1253 4776 ioiiis
1275 4709 1446 4793 obtorpare
1467 4703 1728 4788 vespertilionem
1751 4707 1836 4794 (5);
1873 4729 1918 4772 ex
1943 4727 1982 4772 eo

148 4829 302 4913 seqnitur,
325 4822 510 4912 platenam,
533 4838 570 4891 ιι
588 4830 754 4900 ιιοιιιιι»
775 4839 808 4888 et
826 4833 848 4908 ξ
869 4825 963 4908 (isidi
984 4840 1017 4892 et
1031 4827 1154 4913 Horo),
1176 4829 1223 4891 ita
1243 4827 1386 4892 maxime
1412 4822 1438 4892 ῐι
1462 4825 1657 4890 οοιιιιιιιίιιιιι
1675 4825 1787 4892 inissa.
1831 4822 1984 4890 Ceterum

146 4944 298 5030 platanus
319 4942 489 5008 Diomedis
510 4944 582 5026 (ξ)
607 4939 787 5028 sepulcrum
808 4939 946 5006 ornabat
969 4941 1107 5024 (Kreas.
1125 4941 1237 5027 Symb.
1255 4941 1316 5006 111.
1333 4963 1365 5026 p.
1382 4939 1462 5020 4⁰.).
1532 4915 1545 4930 ⁸

235 5057 387 5138 mam,
409 5063 499 5144 (ιρις,
522 5079 647 5156 Qun
674 5055 795 5144 (arbor
813 5059 992 5143 quereus),
1020 5066 1131 5140 ituee
1162 5078 1227 5123 nou
1252 5065 1288 5136 Θ
1316 5055 1497 5140 symbolum
1524 5058 1626 5124 fuisse
1657 5056 1809 5122 creditur.
1860 5056 1980 5122 Narrat

146 5179 332 5245 Herodotus
355 5177 414 5267 (11.
428 5179 506 5262 55.)
530 5177 611 5244 daea
630 5174 813 5260 columbas,
831 5177 902 5242 siue
922 5175 1060 5240 iemines
1081 5175 1280 5262 Aegyptias,
1302 5172 1427 5241 Thebis
1448 5175 1626 5261 proiectas,
1653 5173 1788 5240 alteram
1816 5171 1980 5238 oraculum

147 5297 232 5363 louis
256 5297 429 5365 Αιιιοιιὶι
449 5295 576 5381 Libyci,
599 5295 734 5364 alteram
755 5293 951 5362 Dodonaeae
972 5293 1034 5360 aab
1056 5313 1175 5382 quercu
1196 5291 1380 5362 babendum
1399 5294 1434 5358 in
1452 5290 1622 5362 Graeciam
1642 5290 1799 5359 intulisse.
1844 5287 1981 5352 Constat
