4958 6092
983 521 1317 580 ...χι-

213 695 314 790 Quot
338 691 524 796 principia
552 654 724 780 uiu'cns‚
750 701 809 764 tot
830 702 1043 785 systemata
1069 691 1325 786 mythologice
1354 687 1525 780 diuersa,
1564 703 1621 768 tot
1649 693 1829 772 historiae
1854 699 2058 798 religionis

211 832 295 909 Jam
322 823 588 905 diuersissima
603 816 871 920 'mythologice
897 829 1084 926 principia
1117 827 1430 901 commendarunt
1454 826 1684 924 mythologi,
1712 832 1777 906 alii
1802 836 1965 926 morale,
1993 840 2059 914 alii

214 967 530 1052 mononem,
552 961 620 1035 nrt
641 937 861 1060 physicum,
882 961 946 1036 aur
973 959 1295 1060 metaphysicnm‚
1319 960 1385 1036 aris
1407 959 1695 1060 pnilctcgtcum,
1721 966 1786 1040 surr
1808 967 1905 1044 succ
1931 973 2059 1069 pous-

215 1121 320 1190 eum,
364 1095 430 1173 alii
456 1095 697 1184 historicum,
735 1092 838 1194 quod
865 1094 1006 1170 nullum
1044 1107 1102 1170 cst
1130 1097 1292 1194 proprie.
1346 1094 1452 1168 Licet
1477 1095 1518 1166 in
1552 1095 1611 1170 lris
1641 1101 1815 1178 omnibus
1842 1106 1918 1179 siut
1946 1129 2056 1200 vera;

215 1245 357 1308 certon
378 1241 540 1324 tamen,
577 1229 653 1304 alia
681 1229 815 1302 fallere
842 1229 1003 1326 passim,
1040 1229 1114 1303 alia
1136 1249 1213 1302 non
1237 1229 1404 1303 sufficere
1429 1227 1480 1303 ad
1511 1241 1680 1324 systema
1705 1235 1960 1336 mythologice
1983 1244 2058 1323 rita

219 1366 533 1444 constituendum.
585 1365 645 1438 De
672 1364 855 1461 principio
883 1363 1137 1458 mythologice
1165 1361 1345 1436 facillimo
1371 1375 1410 1436 et
1437 1365 1637 1462 proximo,
1662 1370 1799 1468 quippe
1823 1373 2056 1470 astrologico,

218 1499 425 1578 nemesium
461 1501 648 1596 cogitasse
679 1495 843 1572 videtur.
910 1495 1026 1571 Cuius
1054 1495 1148 1572 haec
1187 1508 1247 1570 est
1283 1500 1383 1576 ratio
1422 1500 1629 1576 secundum
1664 1503 1871 1598 astrologos
1907 1522 2057 1596 veteres

219 1623 332 1736 atque
360 1635 626 1734 inscriptiones
652 1634 925 1708 astronomicas
951 1631 1245 1728 antiquissimas.
1298 1631 1444 1707 Natura
1471 1597 1511 1706 et
1543 1636 1703 1708 vututcs
1729 1635 1802 1708 Dei
1825 1637 1868 1712 0.
1893 1639 1974 1732 tt,
2002 1643 2057 1718 ait

218 1776 315 1847 ratio
341 1771 510 1844 humana
531 1757 780 1866 philosophis,
805 1764 1087 1861 cognoscendae
1113 1778 1204 1838 sunt
1225 1787 1276 1838 ex
1299 1767 1475 1864 operibus
1499 1766 1654 1853 diuinis,
1676 1769 1855 1848 nimuum
1882 1796 1935 1847 ex
1951 1777 2056 1852 coelo

222 1903 380 1980 storbo
408 1913 605 1976 terrarum.
656 1899 840 2004 Omnibus
869 1901 912 1972 in
937 1897 1053 1972 rebus
1073 1899 1260 1975 humanos
1290 1901 1330 1972 in
1365 1921 1499 1975 sensus
1520 1899 1761 1991 cadentibus,
1797 1905 1831 1978 si
1864 1919 1984 1984 certas
1998 1869 2001 1874 Ι
2015 1912 2057 1984 in

222 2039 360 2114 clusam
381 2037 623 2125 diuiduntur,
644 2032 812 2108 efficaces
839 2047 929 2109 sunt
950 2035 1082 2110 variae
1106 2036 1273 2108 numinis
1300 2037 1466 2132 supremi
1495 2040 1668 2116 sirtutes.
1719 2034 1940 2130 Quaeritur,
1966 2059 2057 2140 quot

225 2176 365 2250 classes
386 2193 513 2246 rerum
530 2169 760 2244 naturalium
778 2172 954 2243 constitui
976 2157 1142 2244 debeant
1165 2181 1205 2241 et
1227 2191 1411 2267 quosnam
1429 2169 1478 2241 ad
1492 2171 1727 2270 archetypos.
1781 2169 1919 2264 Clarct,
1943 2145 2058 2274 quum

222 2319 349 2408 partes
373 2308 504 2385 variae
531 2305 733 2379 coelicum
763 2313 800 2389 Θ
826 2318 854 2390 ὶ
884 2305 1093 2400 ceterisque
1107 2303 1271 2403 planetis
1298 2306 1517 2378 coniunctae
1539 2306 1620 2379 vim
1639 2319 1843 2380 exerceant
1867 2309 1909 2381 in
1931 2332 2060 2386 rerum

223 2453 418 2533 naturm,
450 2451 637 2514 terrarum
665 2438 795 2512 orbem
829 2439 911 2512 suis
934 2457 1021 2513 cum
1045 2438 1217 2538 partibus
1243 2438 1408 2538 pendere
1438 2439 1486 2512 ab
1518 2441 1641 2514 astris.
1690 2439 1845 2537 Septem
1871 2443 2059 2540 punctae,

223 2577 516 2677 proprietatibus
541 2575 654 2674 plane
679 2576 780 2648 inter
805 2594 847 2646 se
872 2573 1038 2665 diuersi,
1068 2571 1228 2648 totidem
1261 2575 1401 2648 classes
1432 2575 1631 2670 requirunt
1655 2599 1781 2650 rerum
1812 2579 2059 2670 terrestrium,

223 2713 280 2787 ita
301 2725 347 2788 vt
376 2711 532 2810 quaeuis
560 2731 623 2782 res
649 2708 700 2785 ad
727 2731 813 2784 cum
839 2709 1030 2806 planetam
1057 2710 1266 2807 pertineat,
1299 2708 1359 2780 cui
1391 2700 1563 2778 maxims
1595 2705 1718 2778 aiiinis
1750 2707 1801 2779 sit
1820 2708 1948 2784 indole
1979 2731 2058 2787 sua

223 2845 353 2945 ltaque
388 2855 491 2920 totus
522 2842 707 2933 mundus,
749 2855 830 2916 tum
864 2843 1008 2917 coelum
1035 2855 1116 2916 tum
1143 2854 1265 2926 terra,
1306 2839 1443 2934 partim
1473 2835 1642 2912 visibilia
1668 2841 1807 2937 partim
1837 2841 2059 2935 inuisibilia,

223 2983 362 3080 partim
380 2980 592 3080 corporalia
615 2980 752 3079 partim
775 2977 988 3075 spiritualia
1009 2987 1123 3071 atque
1140 2970 1363 3068 temporalia
1388 2969 1510 3044 diuidi
1538 2969 1728 3045 debebant
1749 2985 1894 3071 septem
1916 2977 1957 3048 in
1975 3000 2062 3076 par-

224 3129 297 3208 tes,
323 3126 368 3193 vt
398 3113 577 3208 astrologi
606 3123 760 3188 veteres
785 3111 860 3207 ipsi
890 3117 1087 3182 testantur.
1139 3105 1240 3194 Quot
1265 3103 1403 3178 classes
1433 3126 1559 3178 rerum
1586 3129 1630 3180 ac
1656 3119 1786 3204 partes
1816 3107 1970 3197 mundi,
2003 3122 2062 3186 tot

224 3252 388 3327 virtutes
414 3247 569 3319 diutinae
597 3241 753 3336 singulis
776 3241 817 3314 in
838 3237 1019 3312 uncinus
1043 3241 1266 3338 patefactae.
1318 3237 1417 3312 Hine
1439 3250 1610 3330 veteres,
1633 3253 1679 3316 vt
1703 3241 1841 3316 iisdem
1868 3263 1920 3316 ex
1943 3255 2063 3318 astro·

225 3369 325 3478 logis
348 3381 485 3454 illectis
511 3389 551 3449 st
572 3373 754 3469 neglectis
775 3385 934 3463 constat,
957 3373 1239 3448 venerabantur
1264 3383 1465 3466 augustum
1491 3389 1527 3460 Θ
1553 3385 1594 3448 et
1614 3397 1857 3476 quaecunque
1878 3379 1915 3450 oi
1943 3390 2063 3454 astro-

225 3515 348 3610 logice
374 3511 629 3597 conuenirent,
656 3509 820 3598 leonem,
844 3519 1008 3596 taurum,
1042 3527 1240 3605 quercum,
1266 3507 1453 3605 palmam,
1474 3507 1730 3601 helianthum,
1748 3513 1977 3610 principem,
2006 3527 2064 3587 to-

227 3649 349 3736 nitru,
377 3656 571 3742 tamquam
597 3643 772 3739 symbola
794 3643 1006 3718 maiestatis
1036 3642 1200 3716 diuinae.
1253 3639 1350 3717 Hinc
1378 3643 1637 3738 significabant
1666 3660 1694 3732 2
1725 3644 1887 3742 benigna
1908 3646 2064 3743 eiusque
2097 3742 2102 3755 ἱ

227 3781 489 3884 possessiones
515 3777 786 3874 benignitatem
810 3777 995 3865 uincam,
1023 3789 1048 3869 u
1074 3775 1286 3851 discurrens
1309 3779 1574 3874 cogitationem
1600 3791 1639 3854 ct
1652 3782 1890 3880 sapientiam,
1913 3789 1937 3872 2
1960 3801 2064 3856 ama-

232 3919 321 3995 bilis
346 3937 514 3992 umorem
541 3912 737 4004 diuinum,
782 3923 810 3998 Θ
835 3912 997 3988 violenti
1025 3912 1170 4009 impetu
1202 3923 1306 3988 astra
1339 3913 1550 3988 discurrens
1575 3915 1836 4004 fortitudinem
1863 3924 1904 3987 et
1930 3923 2064 4012 poten·

231 4055 388 4148 tism,2t
413 4049 541 4146 matus
566 4049 789 4143 mennatem
813 4059 852 4120 et
870 4047 1134 4135 constantiam,
1165 4043 1337 4134 plantus
1364 4045 1687 4142 longanimitatem
1704 4061 1744 4122 et
1759 4049 1942 4124 vltionem
1967 4047 2066 4124 diui·

229 4209 331 4264 nsm.
381 4183 497 4272 Mox,
514 4203 630 4280 mum
645 4181 831 4260 ‘viderent
854 4179 1028 4274 symbola
1051 4181 1236 4254 virtutum
1264 4179 1477 4254 diuinarum
1502 4183 1604 4258 inter
1633 4205 1675 4256 ss
1701 4203 1884 4281 pugnam
1919 4182 2067 4258 conclu·

232 4331 376 4410 urunt,
395 4321 499 4396 vires
522 4316 607 4390 illas
629 4314 781 4390 diuinas
800 4314 956 4409 singulis
976 4315 1018 4388 in
1039 4314 1204 4414 planctis
1228 4337 1432 4414 corumque
1453 4317 1672 4414 patrociniis
1697 4313 1862 4390 ellicsccs
1878 4339 1956 4390 non
1982 4339 2066 4392 esso

234 4447 544 4553 singnisr'ssDei
568 4449 612 4524 0.
635 4447 684 4523 M.
708 4451 983 4549 proprietates,
1016 4447 1086 4524 sed
1105 4469 1286 4546 personas
1314 4449 1474 4525 diuinas.
1525 4451 1587 4524 Sic
1610 4448 1683 4521 orti
1708 4460 1798 4523 sunt
1825 4461 1970 4548 septem
1997 4451 2069 4528 Ca-

236 4591 310 4666 biri
334 4589 491 4696 (toccu,
511 4584 661 4659 Elolsim
683 4585 846 4682 (fortes),
873 4580 1196 4674 Cosmocratores,
1210 4583 1318 4659 llualr
1345 4583 1621 4682 (prouidentiae
1648 4607 1716 4658 seu
1741 4591 1889 4675 sortes).
1943 4582 2068 4674 Quum

237 4726 333 4798 certi
353 4720 533 4820 planetae
563 4719 666 4794 vire's
683 4711 873 4818 ptrasdsm
900 4729 941 4792 et
960 4720 1212 4819 proprietates
1233 4719 1417 4794 haherent
1439 4739 1677 4810 communes,
1710 4718 1865 4809 accidit,
1898 4731 1943 4795 vt
1968 4733 2071 4798 certa

241 4859 395 4932 numina
420 4857 532 4929 cortis
555 4854 767 4930 rationibus
790 4855 890 4928 iuter
911 4874 953 4928 sc
977 4855 1308 4942 confunderentur,
1331 4876 1368 4930 v.
1390 4875 1419 4926 c
1439 4863 1476 4938 Θ
1490 4867 1536 4941 tt,
1560 4864 1587 4937 u
1608 4866 1650 4941 ῼ,
1677 4853 1837 4928 testibus
1862 4853 2072 4951 astrologis.
2192 4896 2199 4909 ·

238 4983 356 5080 Hine,
387 5011 505 5088 quum
534 5004 571 5076 Θ
592 5000 632 5063 et
652 4987 680 5073 i
702 4988 839 5086 plena,
872 4988 962 5060 licet
983 4986 1277 5087 vbique'hsbitu
1301 4986 1468 5086 aequali,
1494 4985 1590 5060 alias
1613 4989 1716 5062 vires
1745 4999 1968 5066 exsersrsut
1988 4991 2072 5064 aliis

241 5125 285 5200 its
304 5121 449 5219 Signis3
480 5123 762 5213 concluserunt,
777 5123 943 5197 'effectus
965 5121 1167 5217 signorum
1198 5141 1344 5221 quoquc
1368 5119 1520 5221 prodire
1548 5143 1573 5193 a
1592 5125 1763 5219 personis
1786 5122 1928 5197 diuinis
1950 5123 2076 5216 singu·

243 5257 397 5335 lumbus.
448 5257 511 5334 Sic
537 5258 612 5348 orti
638 5269 728 5338 sunt
752 5257 828 5332 xli
846 5257 913 5333 Dii
937 5257 1078 5354 Magni,
1102 5257 1240 5356 purtim
1268 5255 1476 5346 masculini,
1497 5258 1636 5440 partirp
1662 5257 1849 5347 ieninini,
1872 5251 2077 5328 seeundum

1646 5381 1666 5438 a
