4882 6098
1206 515 1572 596 -254-

474 719 592 788 nom
612 709 910 802 computationibus.
953 706 1103 773 Cetermu
1124 707 1195 790 ipse
1215 704 1266 768 La
1285 704 1431 770 Landior
1448 702 1661 790 computando
1682 702 1823 781 inuenit,
1845 697 2046 785 planetarum
2067 700 2304 766 circumitiones

473 851 529 904 aut
541 835 640 902 minui
665 831 820 916 augerius
836 823 982 904 subinde,
1004 835 1061 886 aut
1080 821 1175 885 certis
1195 819 1293 903 cyclis
1304 822 1444 883 vomere.
1477 819 1529 882 De
1552 840 1615 904 quo
1636 817 1740 882 fndus
1758 815 1854 881 inira.
1884 814 1953 881 lam
1967 817 2175 900 inscriptione
2194 831 2304 883 nesus

427 999 431 1008 .
474 949 696 1038 antiquissima
717 942 851 1009 multum
874 940 956 1005 locis
977 938 1131 1002 historiae
1152 934 1444 1021 chronologiaeque
1465 935 1609 998 affertur.
1650 933 1731 1000 lude
1752 932 1838 996 enim
1861 932 2041 997 accuratius
2062 931 2196 998 delinire
2216 933 2304 1016 licet,
2347 1010 2350 1021 ἱ

475 1091 538 1157 qno
568 1078 711 1149 ternpore
741 1057 957 1145 antiquissimi
979 1053 1208 1138 Aegyptiorum
1236 1072 1331 1138 reges
1360 1051 1662 1137 antiquissimasque
1691 1048 1858 1134 dynastiae
1885 1051 2103 1136 regnaueriut.
2144 1049 2306 1116 Nimirum

474 1185 629 1262 vidimus,
660 1176 810 1246 omnibns
837 1176 871 1239 in
897 1169 1087 1256 sarcophagi
1105 1166 1320 1234 Londineusis
1342 1167 1487 1254 partibus
1513 1167 1667 1250 inscripta
1697 1186 1768 1231 esse
1793 1167 1924 1232 nomios
1944 1167 2031 1252 regis
2052 1163 2161 1248 Setbi,
2191 1169 2306 1251 capitis

474 1301 640 1386 dynastiae
665 1291 767 1358 xlx.
798 1287 897 1376 (Tab.
912 1288 956 1352 V.
974 1307 1004 1350 a.
1024 1285 1100 1349 Lin.
1120 1285 1158 1349 Z.
1174 1283 1206 1349 b.
1222 1285 1283 1368 e.);
1312 1297 1408 1371 atque
1431 1283 1599 1364 nouimus,
1627 1283 1661 1346 in
1690 1283 1906 1347 monumentis
1932 1282 2167 1369 Aegyptiorum
2197 1284 2305 1370 sepol-

473 1415 613 1499 eralibus
633 1409 772 1496 exprimi
801 1404 1003 1491 planetarum
1027 1399 1325 1464 constellationibus
1353 1401 1422 1464 eius
1447 1401 1522 1463 anni
1551 1401 1757 1464 astronomici
1776 1399 1922 1479 initium,
1953 1420 2016 1485 quo
2038 1414 2186 1466 mortuos
2205 1415 2304 1468 natus

474 1545 569 1600 esset.
610 1529 665 1593 Ex
687 1545 751 1611 quo
770 1520 995 1606 consequitur,
1026 1514 1163 1580 Setbum
1184 1536 1294 1601 regem
1315 1517 1448 1602 eiusque
1471 1515 1706 1603 sarcophagum
1726 1536 1791 1579 non
1812 1517 1973 1602 pectinem
1995 1516 2037 1578 ad
2061 1529 2200 1581 aetatem
2223 1517 2303 1584 Ale·

473 1646 608 1728 xandri,
638 1643 790 1708 natiiib
814 1632 990 1716 astech,
1018 1630 1183 1718 nequead
1205 1631 1382 1697 Athoutom
1409 1630 1464 1696 vel
1482 1631 1696 1714 Arthcutum,
1728 1634 1814 1696 circa
1834 1653 1951 1696 annom
1974 1635 2070 1696 1170.
2092 1654 2123 1696 a.
2142 1630 2202 1698 Cb.
2225 1655 2303 1721 reg·

471 1777 612 1843 nantem,
633 1762 699 1824 imo
719 1755 827 1842 potius
849 1753 890 1818 od
911 1772 1030 1816 annom
1044 1752 1124 1812 1631
1148 1767 1177 1812 a.
1200 1746 1261 1813 ch.
1302 1748 1388 1813 Hinc
1407 1749 1504 1813 etiam
1526 1746 1648 1814 clarum
1669 1761 1729 1830 est,
1749 1746 1929 1832 dynastiam
1948 1746 2183 1834 Aegyptiorum
2197 1749 2300 1815 XIX.

470 1904 546 1963 uon,
569 1891 604 1944 st
624 1871 834 1941 recentissimi
855 1865 1042 1951 chronologi
1062 1876 1226 1950 putarunt,
1250 1885 1335 1928 anno
1359 1869 1452 1929 14⁷4.
1473 1887 1504 1930 a.
1527 1863 1601 1945 cta,
1626 1862 1684 1928 sed
1711 1868 1805 1944 1606,
1829 1862 1932 1929 tribus
1953 1863 2023 1929 fere
2049 1864 2189 1930 saeculis
2212 1868 2302 1951 prius

473 2017 610 2086 regumn
632 1991 796 2076 coepisse,
819 1996 857 2048 vt
879 1983 965 2048 inlra
986 1979 1175 2046 videbimus.

556 2107 665 2185 Quom
687 2105 767 2169 haec
788 2102 898 2166 omnia
915 2098 1077 2188 pendeant
1100 2096 1141 2161 ab
1165 2100 1430 2184 interpretatione
1456 2097 1674 2182 inscriptionis
1694 2095 1886 2185 sarcophagi
1905 2099 2026 2176 nostri,
2056 2115 2140 2184 opos
2159 2111 2210 2162 est
2230 2096 2304 2164 bre·

473 2231 557 2294 viter
584 2226 823 2300 demonstrare,
856 2237 915 2282 uos
944 2216 1042 2278 etiam
1067 2211 1130 2279 bac
1157 2214 1366 2300 inscriptione
1396 2212 1589 2298 explicanda
1616 2227 1685 2279 turn
1715 2227 1899 2280 constanter
1925 2213 2056 2279 easdem
2084 2233 2241 2299 personas
2265 2213 2304 2279 ad

474 2343 586 2409 eadem
607 2339 739 2404 nomina
761 2333 973 2398 astronomica
995 2328 1163 2410 retulisse,
1186 2342 1253 2394 tum
1276 2350 1321 2394 ex
1342 2327 1470 2416 legibus
1490 2332 1695 2418 praescriptis
1715 2329 1886 2413 Planetas,
1911 2331 2164 2417 Oecodespotas‚
2185 2329 2304 2420 'l'rigo-

473 2459 685 2544 nodespotas,
709 2448 1067 2535 Tetrogonodespotas,
1090 2445 1259 2528 Decanos,
1290 2445 1556 2530 Horiocratores,
1579 2445 1849 2512 Dodecatemoria
1869 2461 1904 2513 et
1923 2445 2056 2512 Moerus
2077 2449 2162 2513 inter
2183 2469 2220 2514 se
2239 2448 2304 2512 dis·

474 2575 631 2645 tinxisse3
658 2583 725 2634 tum
753 2579 897 2632 veteram
925 2564 1127 2644 testimonia,
1156 2585 1239 2648 quae
1268 2583 1366 2648 supra
1386 2565 1420 2627 in
1448 2561 1594 2629 Pantheo
1619 2563 1832 2630 astronomica
1853 2565 2092 2650 congessimus,
2122 2577 2305 2630 constanter

471 2706 637 2760 semesam
659 2683 795 2768 deniqne
817 2701 877 2746 nos
897 2679 1031 2744 deorum
1052 2679 1221 2764 imagines,
1242 2699 1322 2766 quas
1342 2699 1440 2766 sopra
1459 2682 1493 2744 in
1515 2675 1657 2745 Zodiacc
1677 2678 1873 2744 Taurineosi
1894 2692 1927 2744 ct
1948 2680 2148 2766 Tentyritico
2168 2695 2202 2746 et
2217 2681 2305 2746 (leo-

356 2807 360 2816 '
470 2803 624 2892 graphice
638 2797 832 2866 'l'aurimnsi
854 2815 913 2880 pro
935 2797 1032 2860 certis
1052 2793 1193 2882 planetis
1215 2807 1248 2859 et
1268 2795 1452 2862 numinibus
1471 2794 1689 2862 sodiacalibus
1709 2798 1893 2880 somdmns,
1913 2797 2039 2862 eosdem
2061 2812 2094 2862 et
2113 2798 2169 2862 bic
2188 2797 2310 2862 iisdem

471 2915 656 2985 numinibus
678 2913 899 2977 astronomicis
921 2911 1083 2978 tribuisse.
1125 2911 1182 2976 Sin
1202 2925 1329 2978 veteres
1351 2927 1437 2978 recte
1453 2913 1494 2978 de
1508 2913 1690 2978 omninibus
1705 2901 1939 3001 Aegyptiorum
1953 2914 2181 2995 disseruerunt,
2204 2925 2310 3000 atque

472 3033 602 3100 zodiaci
626 3028 837 3094 Taurinensis
867 3039 899 3092 et
918 3025 1134 3110 Tentyriticns
1163 3027 1485 3118 Geographieumque
1509 3028 1710 3096 Taurioenae
1737 3043 1824 3096 recte
1855 3053 1876 3095 a
1906 3029 2000 3096 nobis
2030 3029 2183 3116 explicita
2209 3045 2309 3107 sout;

473 3171 551 3218 sane
573 3147 736 3232 requitur,
760 3143 843 3209 hanc
865 3144 961 3208 etiam
983 3155 1125 3208 nostram
1150 3142 1347 3232 Sercophagi
1367 3147 1584 3212 Londineusis
1603 3149 1902 3234 interpretationem
1923 3159 1956 3212 et
1977 3168 2060 3234 quae
2083 3147 2159 3213 iude
2179 3146 2311 3212 conclu-

473 3267 606 3344 duntur,
628 3274 715 3326 recte
737 3281 772 3323 se
797 3257 928 3323 babere.
972 3257 1117 3343 Sequens
1140 3257 1251 3323 tabula
1274 3260 1386 3337 docet,
1414 3285 1495 3349 quas
1518 3284 1677 3349 personas
1698 3285 1757 3348 pro
1780 3262 1915 3349 singulis
1936 3261 2077 3349 planetis
2096 3277 2130 3328 et
2151 3263 2310 3329 zodiaca·

472 3377 558 3444 libos
579 3373 761 3440 numinibus
783 3375 965 3438 sumsimus.
1008 3371 1163 3457 Symbola
1184 3377 1397 3439 astronomica
1420 3399 1525 3462 noua,
1553 3401 1636 3465 quae
1657 3400 1755 3462 supra
1778 3381 1811 3444 in
1833 3379 1972 3446 Zodiaco
1993 3379 2190 3446 Taurinenai
2210 3394 2308 3468 atque

474 3492 674 3577 Tentyritico
696 3502 729 3552 et
752 3487 978 3574 Gecgrapbico
1001 3485 1195 3551 'l'aurincnsi
1216 3507 1280 3549 non
1304 3485 1490 3570 babuimus,
1514 3493 1667 3557 asterisco
1689 3506 1802 3559 notata
1824 3509 1910 3560 sont.

499 3780 672 3843 Placetne
888 3771 1057 3856 Isssgs'sser
1304 3775 1396 3844 Loco
1419 3785 1643 3866 inscriptionis
1884 3783 2080 3850 Relatioses

687 3931 1251 3962 -.........,....
1264 3937 1681 3964 -.............

520 4013 673 4102 Symbola
690 4014 759 4079 Leo
1299 4001 1307 4078 ζ
1376 4062 1384 4080 .
1698 4014 1833 4081 Planeta
1852 3999 1896 4082 ἰιιΙ
1911 4026 1944 4083 V

499 4192 501 4219 Ι
571 4109 606 4179 Θ
688 4114 810 4180 Leonis
832 4127 928 4199 caput
1301 4163 1309 4180 .
1351 4163 1359 4178 .
1401 4163 1408 4179 .
1453 4164 1461 4180 .
1697 4117 2021 4206 'l'etragcuodespota
2041 4127 2073 4182 V

1301 4264 1310 4286 ,
1354 4264 1362 4280 .
1402 4265 1409 4281 .
1452 4266 1461 4282 .
1698 4217 1780 4284 ltem

689 4313 951 4401 Leontooepbols
1298 4365 1306 4382 .
1369 4365 1377 4382 .
1697 4228 1978 4406 Oeccddbpotasp

689 4414 917 4504 Criocepbalos
1296 4467 1303 4482 .
1365 4468 1372 4484 .
1405 4466 1412 4482 .
1697 4418 1830 4484 Planeta
1852 4424 1886 4486 iu
1909 4430 1942 4486 V

1696 4520 1794 4585 ltin
1818 4528 1849 4584 V

1698 4621 1740 4688 lt.
1763 4623 1797 4686 iu
1819 4629 1851 4684 V
2294 4668 2295 4701 3

1296 4767 1304 4784 .
1354 4768 1361 4783 .
1699 4720 1848 4786 Decanns
1868 4734 1901 4787 et
1920 4720 2175 4803 Dodecaterpcr.
2198 4733 2236 4792 V
2294 4780 2295 4785 ,

691 4818 808 4885 Discus
828 4830 976 4904 serpente
999 4823 1118 4886 oinctm
1299 4869 1307 4886 .
1373 4871 1380 4886 .
1414 4869 1421 4886 .
1696 4801 2036 4912 'l'rigonodespotsil'

1696 4925 1790 4991 Item.

499 5040 501 5065 ¹
603 5087 607 5094 ,
1299 5071 1307 5088 .
1347 5071 1355 5088 .
1387 5071 1395 5088 .
1697 5025 1831 5091 Planeta
1859 5035 1891 5087 V

499 5136 501 5171 1
655 5121 907 5205 ’Βα,Βο,8οΙ
1694 5125 1937 5192 PlanetaiuV

499 5238 500 5249 ¹
1696 5227 1737 5294 lt.
1759 5229 1793 5291 iu
1816 5234 1849 5290 V
