4904 6100
176 733 340 805 maiorem,
370 743 477 810 neque
496 721 667 810 naqadein
691 743 749 806 er,
774 741 838 809 qne
860 719 1112 790 'l'snriueusium
1133 724 1167 787 iu
1188 722 1269 788 vrlre
1291 735 1446 788 tractetus
1466 723 1525 788 fui.
1570 720 1665 799 Quod
1688 742 1752 812 quo
1774 730 1877 814 magia
1899 736 2002 800 sentio

174 869 211 914 ω
226 843 401 934 premio,
433 859 473 904 eo
494 841 600 924 magis
621 838 737 920 doleo,
769 837 940 902 nullisne
968 841 1063 906 iactis
1089 842 1200 927 vtique
1231 851 1322 903 mute
1349 837 1507 903 beneficia
1531 845 1731 906 remunerari
1752 863 1856 931 neque
1875 859 2003 933 gratum

170 983 268 1028 mcum
287 962 434 1022 animum
447 953 657 1040 comprobare
671 974 779 1042 posse.
822 952 921 1019 Corte
940 975 1004 1020 non
1023 977 1163 1042 unquam
1178 954 1360 1036 obliniatur,
1384 968 1504 1040 quante
1524 969 1556 1020 et
1578 957 1686 1044 qualia
1700 958 1835 1025 debeam
1855 958 2004 1033 Petronis

163 1093 200 1144 ot
218 1072 415 1142 Fautoriltss
443 1071 483 1135 de
506 1093 559 1136 mo
587 1069 749 1159 rebusque
771 1074 853 1138 tucis
874 1073 1104 1140 meritissimis:
1142 1073 1224 1139 Viro
1245 1070 1373 1138 Excell.
1396 1085 1429 1136 et
1449 1071 1606 1139 Praenolr.
1631 1073 1750 1141 Comiti
1776 1075 1889 1142 Selier
1913 1081 2003 1147 della

173 1193 277 1268 ime,
298 1191 406 1277 Regis
430 1188 523 1256 snt.
545 1187 619 1254 Pot.
639 1187 789 1254 Ministro
811 1189 887 1255 Ber.
910 1191 1002 1271 Est,
1026 1189 1109 1255 Vim
1126 1191 1212 1255 Erro.
1236 1202 1269 1253 et
1290 1191 1403 1255 Praen.
1417 1187 1598 1254 Marchioni
1617 1189 1787 1276 Brignole,
1810 1191 1891 1282 lieg.
1910 1197 2001 1264 Santi.

168 1311 233 1376 Pot.
251 1309 347 1387 mua,
371 1307 455 1373 Viro
478 1306 565 1371 Exn.
588 1303 707 1370 Comiti
736 1303 889 1388 (laudii,
913 1303 1036 1370 Consil.
1059 1306 1153 1390 Sec,
1176 1307 1259 1372 Viro
1276 1307 1342 1372 Ex.
1364 1303 1485 1370 Comiti
1507 1302 1629 1392 natta,
1653 1309 1733 1396 lleg.
1754 1309 1853 1376 Acad.
1875 1309 1999 1398 Praen,

169 1425 410 1493 valramo
432 1423 536 1506 Ven,
558 1421 775 1508 Amplissimie
800 1435 834 1488 et
855 1421 1059 1488 lloctissimis
1082 1425 1192 1510 Equiti
1220 1423 1262 1487 de
1286 1419 1568 1507 Son-diuinum,
1606 1421 1669 1492 ΑΙ).
1691 1425 1835 1491 Ancdro
1858 1429 1998 1515 Peyron,

167 1543 224 1608 tt.
239 1540 406 1622 Gazara,
423 1539 545 1616 Plena,
566 1539 619 1604 Pr.
633 1536 780 1614 Bidosrt
802 1554 869 1605 turn
885 1538 963 1606 VV.
978 1539 1106 1606 Excell.
1133 1555 1165 1606 et
1184 1543 1300 1606 Pracu.
1316 1537 1436 1606 Comiti
1450 1539 1564 1622 Srafft
1585 1543 1626 1607 de
1641 1540 1786 1622 diltcei,
1807 1545 1835 1610 Ι.
1850 1541 1890 1610 li.
1907 1543 2000 1612 Aust.

165 1659 241 1726 nn.
259 1659 307 1724 ΡΙ.
330 1659 420 1740 lise,
442 1654 563 1725 Comiti
587 1652 766 1741 Wulllttrg
783 1655 968 1732 ΊΙυοΙιοιι,
987 1655 1027 1721 ΙΙ.
1050 1656 1128 1722 Βοι.
1145 1656 1226 1724 Min.
1241 1655 1290 1722 Pl.
1309 1656 1396 1741 lien,
1420 1657 1516 1723 Doru.
1544 1655 1667 1742 liturg.
1689 1657 1839 1743 norror,
1860 1661 1898 1728 ll.
1915 1660 1997 1730 Brit.

166 1775 211 1840 ΙΙΙ.
231 1775 280 1842 ΡΙ.
300 1775 393 1858 lien,
415 1773 506 1840 Com.
526 1771 744 1856 Mescem'go,
766 1773 792 1837 Ι.
814 1771 894 1838 lius.
916 1773 998 1838 Min.
1013 1773 1063 1838 ΡΙ.
1080 1774 1175 1850 lieet
1199 1789 1267 1840 tum
1290 1774 1362 1839 adis
1383 1773 1562 1862 permultis,
1585 1796 1719 1862 quornm
1740 1779 1895 1844 memoria
1915 1799 1997 1844 nnn·

165 1913 263 1977 quam
282 1895 316 1958 in
338 1890 579 1958 modulabitur.
1192 1959 1196 1970 ,

251 2007 335 2079 later
352 2008 483 2074 labores
502 2004 825 2092 meoeAegyptiacoe
843 2009 877 2072 iu
901 2003 1094 2073 Taurinensi
1118 2007 1234 2074 Museo
1255 2000 1352 2074 incidi
1373 2011 1406 2073 iu
1420 2011 1533 2074 cistam
1557 2009 1725 2074 admodum
1746 2023 1882 2092 vastam,
1903 2015 1996 2077 inno-

170 2129 264 2190 neria
289 2129 356 2193 fers
382 2144 579 2212 pepyrorom
606 2121 797 2208 fragmentis
817 2125 987 2202 refertam3
1023 2128 1153 2190 inerant
1184 2129 1269 2192 enim
1299 2126 1368 2190 fere
1391 2125 1497 2190 decies
1519 2139 1654 2192 centena
1676 2125 1778 2190 millia
1800 2125 1997 2213 fragmento·

172 2263 260 2324 ruta,
282 2258 316 2310 vt
338 2265 383 2308 ert
404 2241 528 2308 nium
549 2244 689 2327 suscepti
710 2239 913 2330 longitudine
934 2242 1085 2307 conclusi.
1129 2240 1222 2319 Quae
1251 2243 1379 2329 quidem
1404 2246 1518 2330 papyri
1541 2257 1597 2309 aut
1624 2245 1658 2308 in
1681 2242 1850 2330 Aegypto,
1880 2259 1936 2312 aut
1963 2250 1996 2314 iu
2098 2247 2110 2254 ”

169 2361 278 2426 itinere
297 2363 476 2429 miserrime
496 2360 618 2424 froctae
638 2372 673 2424 et
692 2363 849 2425 coatn'tae
869 2372 971 2425 mant.
1015 2357 1120 2424 Nemo
1141 2381 1206 2425 non
1228 2381 1352 2424 meeum
1373 2361 1567 2427 lamentatas
1585 2374 1681 2440 esset,
1706 2383 1803 2446 quum
1824 2359 1997 2430 bibliothe-

167 2497 237 2544 oarn
259 2478 439 2552 historicam
461 2477 559 2542 talete
581 2479 821 2564 antiquissimae
837 2480 966 2544 aetatis
987 2480 1079 2564 quasi
1106 2479 1139 2540 iu
1163 2475 1330 2562 puluerem
1352 2499 1540 2544 conuersum
1562 2479 1706 2544 vidisset.
1750 2475 1857 2554 Quum
1881 2483 1913 2544 in
1936 2479 1996 2549 hac

167 2593 324 2683 farragine
346 2599 452 2684 primo
473 2598 582 2660 atatim
608 2593 725 2660 obtuta
747 2592 915 2658 schedulas
937 2597 1120 2680 grauissimi
1142 2597 1324 2680 argumenti
1346 2595 1577 2671 discernerem
1613 2615 1676 2660 non
1698 2597 1842 2680 ineptum
1864 2597 1996 2664 videba-

162 2725 224 2793 tur,
246 2716 353 2780 omnin
374 2727 409 2780 et
429 2712 558 2800 singula
579 2713 659 2778 haec
679 2713 863 2798 fragmenta
885 2715 1147 2788 examinarent,
1171 2731 1255 2796 quae
1279 2725 1375 2778 antea
1395 2714 1479 2775 inter
1502 2733 1538 2776 se
1560 2715 1668 2776 funeta
1686 2712 1838 2790 fuissent,
1862 2716 1995 2780 coniun-

164 2849 237 2914 gere
257 2833 399 2897 studere.
443 2827 519 2906 Quo
538 2833 571 2896 in
597 2831 728 2918 negotio
741 2830 931 2916 longissimo
953 2841 986 2893 et
1001 2829 1226 2894 molestissimo
1245 2829 1278 2891 id
1298 2827 1410 2892 saltem
1425 2847 1529 2896 meam
1551 2847 1683 2912 operam
1700 2825 1888 2914 instigabat,
1910 2833 1995 2918 quod

160 2948 346 3032 sperabam,
376 2947 500 3036 aliqum
528 2951 745 3034 manuscripts
767 2949 1000 3034 pretiosissima
1020 2957 1196 3032 perpetuae
1220 2941 1376 3008 obliuioni
1396 2955 1492 3030 atque
1514 2945 1659 3008 interitui
1681 2948 1822 3031 eripere,
1851 2969 1910 3012 nec
1931 2957 1994 3016 uon

161 3058 428 3148 Tamiueuribus,
450 3065 567 3152 quibua
584 3069 806 3152 maximopere
822 3085 874 3129 me
889 3063 1077 3127 obstrictum
1090 3059 1281 3141 sentiebam,
1304 3063 1390 3146 grati
1411 3062 1474 3124 mei
1494 3063 1632 3126 nominis
1646 3075 1899 3148 mouumentum,
1925 3073 1995 3134 vtui

157 3179 261 3262 exile,
277 3181 458 3268 relinquere
480 3204 586 3268 porse.
613 3183 762 3248 Proiecto
783 3181 863 3246 milti
886 3183 1031 3267 contigit,
1052 3193 1088 3246 tt
1113 3178 1290 3266 quindecim
1312 3196 1462 3262 papyros,
1482 3177 1560 3242 alias
1580 3179 1649 3242 fere
1670 3181 1825 3265 integras,
1848 3183 1928 3250 alias
1950 3209 1995 3252 ex

67 3309 70 3316 ’
160 3309 257 3380 parte
277 3297 393 3364 ιιιΙιοιιι
412 3297 598 3382 fragmentis
615 3321 657 3364 ex
678 3299 743 3364 illis
759 3301 972 3381 restituerem,
990 3317 1084 3384 quae,
1107 3293 1213 3376 credo,
1235 3296 1352 3381 partim
1369 3315 1452 3359 nuuc
1470 3297 1670 3381 grauissimis
1686 3295 1852 3362 literarum
1868 3301 1997 3388 Aegyp.

162 3413 320 3478 tiacorum
340 3416 550 3478 monumentis
576 3418 608 3482 ia
642 3416 756 3484 Museo
788 3413 983 3480 'l'auriuami
1013 3416 1188 3480 asserentis
1217 3413 1419 3478 adnumerari
1442 3433 1548 3499 posse.
1592 3413 1647 3478 Ex
1676 3411 1728 3478 his
1747 3414 1878 3502 papyris
1900 3421 1997 3485 ctiam

161 3549 206 3592 ea
229 3543 293 3607 ast,
314 3551 378 3616 qus
396 3528 552 3596 Zodiecm
573 3533 794 3620 Aegyptiacos
816 3533 918 3596 motae
940 3535 1132 3596 continetur.
1176 3531 1365 3617 Priusquam
1395 3531 1574 3596 accedimus
1602 3531 1642 3594 ad
1665 3531 1760 3596 huius
1780 3535 1996 3618 inscriptionis

159 3644 428 3731 explicationem,
459 3647 593 3716 verbum
624 3653 743 3716 addam
769 3649 866 3713 liceat
893 3647 933 3711 de
963 3649 1108 3728 ratione,
1135 3671 1200 3734 qua
1228 3652 1261 3712 in
1289 3648 1496 3712 restituendis
1517 3643 1578 3711 his‘
1590 3649 1720 3732 papyris
1741 3665 1891 3714 versutus
1912 3671 1993 3720 sum.

159 3763 292 3830 Scilicet
311 3785 407 3852 quam
428 3768 567 3854 quadris
588 3777 745 3855 papyrum
768 3765 1004 3851 Aegyptiarum
1025 3763 1068 3828 ab
1093 3764 1166 3830 aliis
1190 3762 1320 3830 differat
1343 3777 1399 3828 eut
1419 3763 1536 3840 colore,
1557 3775 1614 3825 aut
1635 3765 1794 3849 scriptura
1814 3764 1995 3836 literarum.

152 3903 223 3968 que
245 3884 378 3963 radone,
398 3895 455 3948 aut
476 3885 814 3950 texmrulamiusrum
837 3901 1100 3969 papyracoarum,
1123 3897 1178 3947 aet
1193 3881 1276 3947 binis
1298 3884 1461 3966 ternisque
1481 3879 1532 3943 his
1546 3880 1650 3954 uotis;
1672 3879 1767 3946 facile
1788 3881 1993 3969 dignoscitur,

152 4021 239 4088 quae
259 4001 446 4087 fragmenta
465 4018 678 4088 papyreum,
701 4019 799 4086 qaum
820 3995 915 4084 plura
934 3999 1019 4064 inter
1041 4019 1077 4064 ee
1100 4003 1279 4066 commixta
1303 4011 1335 4062 ot
1356 4007 1508 4081 congesta
1531 3993 1648 4076 hebes,
1668 3999 1707 4061 ad
1729 4009 1826 4062 ritum
1847 3999 1994 4087 idemque
2137 4057 2139 4060 .

153 4139 311 4204 papyrum
333 4120 559 4204 pertinuerint.
605 4118 725 4198 Porro,
754 4119 895 4183 inuentis
923 4119 1022 4182 variis
1050 4119 1145 4182 vuius
1171 4118 1284 4203 papyri
1306 4115 1514 4200 fragmentis,
1546 4136 1591 4179 ex
1613 4118 1822 4180 coopertione
1845 4129 1878 4180 et
1899 4137 1994 4181 cursu

154 4232 310 4314 fibrarum
331 4237 548 4320 cognoscitur,
569 4255 653 4321 qaae
672 4235 927 4321 fragmentorum
948 4235 1054 4300 latera
1073 4233 1113 4297 ad
1136 4233 1316 4310 aduersam,
1340 4250 1421 4317 quae
1443 4231 1484 4297 ad
1507 4253 1653 4297 euersam
1671 4233 1785 4316 papyri
1806 4225 1994 4300 restituendi

157 4365 279 4432 partem
304 4354 501 4438 pertineant.
545 4349 691 4426 Quotus
718 4355 803 4418 enirn
825 4373 982 4439 papyrum
1018 4351 1136 4438 duplici
1156 4349 1348 4414 laminarum
1378 4351 1462 4414 serie
1484 4359 1627 4427 constat,
1655 4345 1757 4410 altera
1788 4347 1992 4432 horizontali,

157 4465 263 4530 altera
280 4467 438 4536 anticuli.
481 4467 566 4534 Hinc
597 4491 636 4532 ea
660 4492 736 4555 pars
762 4471 1017 4556 fragmentorum
1037 4491 1312 4557 papyraceorum‚
1343 4489 1406 4554 qua
1425 4455 1528 4528 fibrae
1551 4485 1622 4528 cum
1652 4464 1799 4530 versibus
1827 4465 1994 4534 literarum

154 4583 409 4650 humanatalilrue
429 4584 607 4671 parallelae
628 4600 714 4669 ιιιιι,
737 4587 778 4651 ad
799 4602 925 4674 partem
945 4589 1060 4675 papyri
1081 4588 1250 4652 aduersam
1273 4587 1427 4672 pertinet,
1450 4580 1553 4645 altera
1575 4583 1617 4646 ed
1639 4597 1797 4647 auersam.
1839 4579 1993 4648 Ceterum

17 4689 18 4692 ¹
152 4704 271 4768 omnin
290 4723 410 4787 papyro
434 4702 530 4768 laeua
553 4717 628 4770 auat
650 4707 684 4768 itt
704 4719 798 4789 parte
818 4707 974 4784 aduersa,
1001 4705 1114 4771 scabra
1138 4726 1215 4769 vero
1237 4706 1271 4766 iu
1293 4715 1384 4788 parte
1408 4719 1540 4782 aurorae,
1565 4697 1620 4765 tbi
1640 4697 1779 4765 laminae
1801 4713 1877 4765 sunt
1895 4705 1993 4765 verti-

16 4853 18 4892 ε
150 4817 243 4884 cales
264 4819 308 4905 ¹)-
350 4820 494 4901 Deinde,
521 4818 664 4886 collectis
686 4820 822 4906 singulis
843 4823 958 4906 papyri
985 4823 1194 4909 fragmentis,
1223 4819 1303 4884 ordo
1324 4819 1575 4902 fragmentorum
1596 4839 1641 4882 ex
1661 4815 1754 4882 fibris
1777 4819 1991 4903 cognoscitur.

150 4935 434 5012 Quemadmodum
456 4939 542 5003 enim
569 4937 691 5004 nullum
716 4935 841 5002 arbems
869 4935 1004 5014 folium,
1037 4952 1073 5001 vt
1094 4934 1297 5000 Leilmitnius
1330 4933 1581 5016 demonstrauit,
1611 4933 1666 4998 alii
1688 4932 1784 5020 plane
1810 4929 1915 4998 simile
1940 4933 1994 4998 vel

222 5119 254 5186 1)
270 5119 313 5174 De
331 5125 448 5174 texiura
465 5129 494 5174 ct
516 5121 704 5177 fabricatione
724 5137 899 5193 papyrorum
917 5123 975 5174 vid.
992 5123 1040 5174 lib.
1061 5135 1155 5174 areum
1173 5121 1328 5191 Bcitraego
1347 5127 1403 5173 etc.
1421 5120 1483 5174 Vol.
1498 5121 1520 5172 l.
1540 5135 1604 5190 pag.
1618 5119 1644 5170 3.
1681 5119 1744 5181 Quo
1766 5119 1831 5172 loco
1850 5123 1944 5171 temen
1963 5119 1993 5168 in

143 5227 180 5262 eo
200 5207 320 5272 erratrl,
346 5207 424 5273 quod
445 5207 567 5271 tradidi,
593 5227 708 5278 scapum
727 5213 842 5278 plantae
865 5209 967 5278 papyri
993 5223 1044 5276 per
1065 5223 1097 5260 se
1113 5207 1228 5262 laminis
1249 5207 1284 5260 iis
1303 5213 1451 5271 constare,
1479 5219 1550 5274 quae
1569 5207 1598 5256 iu
1615 5203 1808 5258 voluminibus
1827 5203 1992 5272 papyraceis

142 5299 227 5348 iuter
249 5307 281 5344 se
298 5293 419 5343 iunctae
435 5301 602 5348 cernuntur.
622 5296 689 5360 imo,
709 5304 740 5347 rt
759 5311 795 5349 ax
813 5291 927 5365 plantae
944 5293 1047 5366 papyri
1064 5297 1168 5346 natura
1188 5294 1282 5348 serius
1303 5294 1435 5364 cognosti,
1452 5291 1532 5347 sulus
1551 5305 1653 5364 scapus
1671 5290 1735 5346 tine
1754 5287 1831 5342 loliis
1849 5286 1993 5340 adhibitus
2049 5345 2055 5358 Ι

144 5381 221 5442 fuit,
250 5378 293 5429 ita
317 5383 350 5426 νι
372 5389 476 5442 scapus
501 5379 624 5446 primum
650 5383 679 5432 io
706 5390 802 5450 portes
826 5379 1008 5454 longitudine
1029 5377 1182 5452 aequales,
1214 5377 1280 5434 hinc
1297 5379 1327 5432 iu
1346 5379 1465 5434 laminas
1489 5377 1688 5443 munierimus,
1714 5376 1776 5429 siue
1795 5371 1939 5444 philurae,
1965 5377 1995 5426 tt

141 5461 264 5516 Plinius
281 5463 344 5526 nit,
364 5457 570 5516 dissecarttur.
1215 5477 1217 5482 ’
1526 5525 1553 5590 C

1569 5549 1586 5591 ⁰
