<?xml version="1.0" encoding="UTF-8"?>
<!DOCTYPE html PUBLIC "-//W3C//DTD XHTML 1.0 Transitional//EN"
    "http://www.w3.org/TR/xhtml1/DTD/xhtml1-transitional.dtd">
<html xmlns="http://www.w3.org/1999/xhtml" xml:lang="en" lang="en">
 <head>
  <title>
</title>
<meta http-equiv="Content-Type" content="text/html;charset=utf-8" />
  <meta name='ocr-system' content='tesseract 3.04.00' />
  <meta name='ocr-capabilities' content='ocr_page ocr_carea ocr_par ocr_line ocrx_word'/>
</head>
<body>
  <div class='ocr_page' id='page_1' title='image "./systemaastronom00seyfgoog_0032.png"; bbox 0 0 4958 6092; ppageno 0'>
   <div class='ocr_carea' id='block_1_1' title="bbox 976 497 1309 562">
    <p class='ocr_par' dir='ltr' id='par_1_1' title="bbox 976 497 1309 562">
     <span class='ocr_line' id='line_1_1' title="bbox 976 497 1309 562; baseline 0 -26"><span class='ocrx_word' id='word_1_1' title='bbox 976 497 1309 562; x_wconf 70' lang='grc' dir='ltr'>-ῙΧ-</span> 
     </span>
    </p>
   </div>
   <div class='ocr_carea' id='block_1_2' title="bbox 85 665 2051 771">
    <p class='ocr_par' dir='ltr' id='par_1_2' title="bbox 85 665 2051 771">
     <span class='ocr_line' id='line_1_2' title="bbox 85 665 2051 771; baseline 0.006 -29"><span class='ocrx_word' id='word_1_2' title='bbox 85 733 94 742; x_wconf 94' lang='grc'><strong>.</strong></span> <span class='ocrx_word' id='word_1_3' title='bbox 213 681 426 752; x_wconf 78' lang='grc'><strong>13141111</strong></span> <span class='ocrx_word' id='word_1_4' title='bbox 445 670 546 746; x_wconf 85' lang='lat' dir='ltr'>hunc</span> <span class='ocrx_word' id='word_1_5' title='bbox 566 669 670 746; x_wconf 85' lang='lat' dir='ltr'>diem</span> <span class='ocrx_word' id='word_1_6' title='bbox 691 666 777 744; x_wconf 86' lang='lat' dir='ltr'>siue&#39;</span> <span class='ocrx_word' id='word_1_7' title='bbox 801 675 902 746; x_wconf 83' lang='grc'><strong>34811</strong></span> <span class='ocrx_word' id='word_1_8' title='bbox 929 694 963 746; x_wconf 82' lang='lat' dir='ltr'>a.</span> <span class='ocrx_word' id='word_1_9' title='bbox 982 669 1061 762; x_wconf 83' lang='lat' dir='ltr'>cn,</span> <span class='ocrx_word' id='word_1_10' title='bbox 1085 673 1169 746; x_wconf 88' lang='lat' dir='ltr'>siue</span> <span class='ocrx_word' id='word_1_11' title='bbox 1199 676 1298 748; x_wconf 78' lang='grc'><strong>1174</strong></span> <span class='ocrx_word' id='word_1_12' title='bbox 1323 679 1411 748; x_wconf 89' lang='lat' dir='ltr'>ante</span> <span class='ocrx_word' id='word_1_13' title='bbox 1436 671 1570 748; x_wconf 87' lang='lat' dir='ltr'>Mosen</span> <span class='ocrx_word' id='word_1_14' title='bbox 1594 667 1744 771; x_wconf 85' lang='grc'><strong>(1008).</strong></span> <span class='ocrx_word' id='word_1_15' title='bbox 1796 665 1909 747; x_wconf 89' lang='grc' dir='ltr'><strong>Η1111</strong></span> <span class='ocrx_word' id='word_1_16' title='bbox 1930 699 2051 754; x_wconf 87' lang='lat' dir='ltr'>armus</span> 
     </span>
    </p>
   </div>
   <div class='ocr_carea' id='block_1_3' title="bbox 205 807 2051 1985">
    <p class='ocr_par' dir='ltr' id='par_1_3' title="bbox 205 807 2051 1985">
     <span class='ocr_line' id='line_1_3' title="bbox 211 807 2051 916; baseline 0 -28"><span class='ocrx_word' id='word_1_17' title='bbox 211 815 341 911; x_wconf 79' lang='lat' dir='ltr'>itaquo</span> <span class='ocrx_word' id='word_1_18' title='bbox 361 807 517 884; x_wconf 73' lang='lat' dir='ltr'>initium</span> <span class='ocrx_word' id='word_1_19' title='bbox 542 820 602 882; x_wconf 86' lang='lat' dir='ltr'>ost</span> <span class='ocrx_word' id='word_1_20' title='bbox 624 809 749 882; x_wconf 87' lang='lat' dir='ltr'>omnis</span> <span class='ocrx_word' id='word_1_21' title='bbox 774 807 965 882; x_wconf 72' lang='lat' dir='ltr'><strong>historiae.</strong></span> <span class='ocrx_word' id='word_1_22' title='bbox 1003 809 1046 880; x_wconf 88' lang='lat' dir='ltr'>ln</span> <span class='ocrx_word' id='word_1_23' title='bbox 1071 808 1172 884; x_wconf 89' lang='lat' dir='ltr'>hunc</span> <span class='ocrx_word' id='word_1_24' title='bbox 1194 809 1296 883; x_wconf 87' lang='lat' dir='ltr'>enim</span> <span class='ocrx_word' id='word_1_25' title='bbox 1321 807 1422 882; x_wconf 87' lang='lat' dir='ltr'>cadit</span> <span class='ocrx_word' id='word_1_26' title='bbox 1433 807 1631 916; x_wconf 87' lang='lat' dir='ltr'>Diluuium</span> <span class='ocrx_word' id='word_1_27' title='bbox 1653 809 1841 902; x_wconf 88' lang='lat' dir='ltr'>gencrale,</span> <span class='ocrx_word' id='word_1_28' title='bbox 1863 809 1896 884; x_wconf 92' lang='lat' dir='ltr'>si</span> <span class='ocrx_word' id='word_1_29' title='bbox 1922 816 2051 888; x_wconf 90' lang='lat' dir='ltr'>certis-</span> 
     </span>
     <span class='ocr_line' id='line_1_4' title="bbox 209 915 2051 1042; baseline -0.001 -18"><span class='ocrx_word' id='word_1_30' title='bbox 209 952 309 1024; x_wconf 73' lang='lat' dir='ltr'>sima</span> <span class='ocrx_word' id='word_1_31' title='bbox 340 941 563 1022; x_wconf 80' lang='lat' dir='ltr'>testimonla</span> <span class='ocrx_word' id='word_1_32' title='bbox 586 938 773 1020; x_wconf 86' lang='lat' dir='ltr'>andimus.</span> <span class='ocrx_word' id='word_1_33' title='bbox 832 938 948 1040; x_wconf 87' lang='lat' dir='ltr'>Apud</span> <span class='ocrx_word' id='word_1_34' title='bbox 974 960 1105 1018; x_wconf 87' lang='lat' dir='ltr'>omnes</span> <span class='ocrx_word' id='word_1_35' title='bbox 1136 947 1238 1020; x_wconf 85' lang='lat' dir='ltr'>enim</span> <span class='ocrx_word' id='word_1_36' title='bbox 1267 944 1442 1018; x_wconf 89' lang='lat' dir='ltr'>nationes</span> <span class='ocrx_word' id='word_1_37' title='bbox 1469 946 1656 1042; x_wconf 87' lang='lat' dir='ltr'>reperitur</span> <span class='ocrx_word' id='word_1_38' title='bbox 1688 940 1872 1018; x_wconf 86' lang='lat' dir='ltr'>memoria</span> <span class='ocrx_word' id='word_1_39' title='bbox 1901 915 2051 1022; x_wconf 86' lang='lat' dir='ltr'>Diluuii</span> 
     </span>
     <span class='ocr_line' id='line_1_5' title="bbox 209 1071 2048 1182; baseline -0.001 -24"><span class='ocrx_word' id='word_1_40' title='bbox 209 1081 328 1182; x_wconf 86' lang='lat' dir='ltr'>idque</span> <span class='ocrx_word' id='word_1_41' title='bbox 350 1076 489 1154; x_wconf 84' lang='lat' dir='ltr'>iisdem</span> <span class='ocrx_word' id='word_1_42' title='bbox 516 1095 649 1154; x_wconf 84' lang='lat' dir='ltr'>omnes</span> <span class='ocrx_word' id='word_1_43' title='bbox 680 1071 900 1154; x_wconf 86' lang='lat' dir='ltr'>adscribunt</span> <span class='ocrx_word' id='word_1_44' title='bbox 927 1077 1169 1176; x_wconf 78' lang='lat' dir='ltr'>temporibus.</span> <span class='ocrx_word' id='word_1_45' title='bbox 1223 1077 1419 1178; x_wconf 83' lang='lat' dir='ltr'>Scriptura</span> <span class='ocrx_word' id='word_1_46' title='bbox 1441 1077 1557 1152; x_wconf 85' lang='lat' dir='ltr'>Sacra</span> <span class='ocrx_word' id='word_1_47' title='bbox 1582 1095 1607 1152; x_wconf 91' lang='lat' dir='ltr'>a</span> <span class='ocrx_word' id='word_1_48' title='bbox 1630 1077 1736 1150; x_wconf 87' lang='lat' dir='ltr'>Mose</span> <span class='ocrx_word' id='word_1_49' title='bbox 1758 1077 2048 1174; x_wconf 69' lang='grc'><strong>(1908111101-</strong></span> 
     </span>
     <span class='ocr_line' id='line_1_6' title="bbox 209 1201 2046 1312; baseline -0.001 -20"><span class='ocrx_word' id='word_1_50' title='bbox 209 1217 360 1292; x_wconf 76' lang='lat' dir='ltr'>tantm</span> <span class='ocrx_word' id='word_1_51' title='bbox 380 1224 556 1288; x_wconf 74' lang='lat' dir='ltr'>numeras</span> <span class='ocrx_word' id='word_1_52' title='bbox 585 1221 842 1304; x_wconf 70' lang='lat' dir='ltr'>immittunt</span> <span class='ocrx_word' id='word_1_53' title='bbox 882 1229 997 1310; x_wconf 85' lang='lat' dir='ltr'>quare</span> <span class='ocrx_word' id='word_1_54' title='bbox 1023 1212 1117 1287; x_wconf 85' lang='lat' dir='ltr'>haec</span> <span class='ocrx_word' id='word_1_55' title='bbox 1144 1213 1286 1312; x_wconf 81' lang='lat' dir='ltr'>epocha</span> <span class='ocrx_word' id='word_1_56' title='bbox 1308 1211 1515 1288; x_wconf 87' lang='lat' dir='ltr'>secundum</span> <span class='ocrx_word' id='word_1_57' title='bbox 1539 1209 1672 1286; x_wconf 85' lang='lat' dir='ltr'>Mosen</span> <span class='ocrx_word' id='word_1_58' title='bbox 1695 1201 1801 1284; x_wconf 84' lang='lat' dir='ltr'>cadit·</span> <span class='ocrx_word' id='word_1_59' title='bbox 1818 1215 1980 1292; x_wconf 90' lang='lat' dir='ltr'>eundem</span> <span class='ocrx_word' id='word_1_60' title='bbox 2004 1220 2046 1291; x_wconf 90' lang='lat' dir='ltr'>in</span> 
     </span>
     <span class='ocr_line' id='line_1_7' title="bbox 210 1339 2043 1448; baseline -0.002 -19"><span class='ocrx_word' id='word_1_61' title='bbox 210 1347 676 1443; x_wconf 71' lang='grc'><strong>11110111(34811011.),</strong></span> <span class='ocrx_word' id='word_1_62' title='bbox 716 1367 791 1448; x_wconf 88' lang='lat' dir='ltr'>qno</span> <span class='ocrx_word' id='word_1_63' title='bbox 815 1345 998 1420; x_wconf 87' lang='lat' dir='ltr'>Zodiacus</span> <span class='ocrx_word' id='word_1_64' title='bbox 1028 1359 1087 1420; x_wconf 86' lang='lat' dir='ltr'>cst</span> <span class='ocrx_word' id='word_1_65' title='bbox 1117 1361 1232 1422; x_wconf 85' lang='lat' dir='ltr'>artus.</span> <span class='ocrx_word' id='word_1_66' title='bbox 1283 1343 1424 1422; x_wconf 85' lang='lat' dir='ltr'>Omnes</span> <span class='ocrx_word' id='word_1_67' title='bbox 1446 1347 1624 1422; x_wconf 85' lang='lat' dir='ltr'>nationes</span> <span class='ocrx_word' id='word_1_68' title='bbox 1649 1339 1812 1420; x_wconf 89' lang='lat' dir='ltr'>eundem</span> <span class='ocrx_word' id='word_1_69' title='bbox 1840 1343 2043 1426; x_wconf 88' lang='lat' dir='ltr'>Zodiacum</span> 
     </span>
     <span class='ocr_line' id='line_1_8' title="bbox 208 1475 2046 1581; baseline -0.001 -19"><span class='ocrx_word' id='word_1_70' title='bbox 208 1487 366 1562; x_wconf 79' lang='grc'><strong>1111111111</strong></span> <span class='ocrx_word' id='word_1_71' title='bbox 389 1485 558 1560; x_wconf 82' lang='lat' dir='ltr'>hnmano</span> <span class='ocrx_word' id='word_1_72' title='bbox 580 1485 720 1558; x_wconf 82' lang='lat' dir='ltr'>factum</span> <span class='ocrx_word' id='word_1_73' title='bbox 742 1493 979 1581; x_wconf 82' lang='lat' dir='ltr'>acceperant,</span> <span class='ocrx_word' id='word_1_74' title='bbox 1002 1481 1142 1573; x_wconf 86' lang='lat' dir='ltr'>Latini,</span> <span class='ocrx_word' id='word_1_75' title='bbox 1168 1482 1314 1573; x_wconf 86' lang='lat' dir='ltr'>Gracci,</span> <span class='ocrx_word' id='word_1_76' title='bbox 1339 1481 1532 1580; x_wconf 77' lang='lat' dir='ltr'><strong>Aegyptii,</strong></span> <span class='ocrx_word' id='word_1_77' title='bbox 1558 1478 1716 1570; x_wconf 83' lang='lat' dir='ltr'>Arabes,</span> <span class='ocrx_word' id='word_1_78' title='bbox 1744 1475 1938 1574; x_wconf 75' lang='lat' dir='ltr'>Chaldaei,</span> <span class='ocrx_word' id='word_1_79' title='bbox 1958 1483 2046 1560; x_wconf 90' lang='lat' dir='ltr'>Per-</span> 
     </span>
     <span class='ocr_line' id='line_1_9' title="bbox 207 1611 2045 1717; baseline -0.001 -19"><span class='ocrx_word' id='word_1_80' title='bbox 207 1643 294 1713; x_wconf 84' lang='grc'><strong>111,</strong></span> <span class='ocrx_word' id='word_1_81' title='bbox 317 1621 419 1710; x_wconf 85' lang='lat' dir='ltr'>indi,</span> <span class='ocrx_word' id='word_1_82' title='bbox 450 1620 652 1708; x_wconf 81' lang='lat' dir='ltr'>Sinonsos,</span> <span class='ocrx_word' id='word_1_83' title='bbox 680 1615 907 1692; x_wconf 86' lang='lat' dir='ltr'>Americani.</span> <span class='ocrx_word' id='word_1_84' title='bbox 960 1617 1028 1692; x_wconf 89' lang='lat' dir='ltr'>Sin</span> <span class='ocrx_word' id='word_1_85' title='bbox 1052 1620 1145 1691; x_wconf 88' lang='lat' dir='ltr'>certi</span> <span class='ocrx_word' id='word_1_86' title='bbox 1170 1617 1301 1717; x_wconf 88' lang='lat' dir='ltr'>populi</span> <span class='ocrx_word' id='word_1_87' title='bbox 1325 1617 1557 1715; x_wconf 84' lang='lat' dir='ltr'>antiquiores</span> <span class='ocrx_word' id='word_1_88' title='bbox 1579 1615 1742 1690; x_wconf 84' lang='lat' dir='ltr'>luissent</span> <span class='ocrx_word' id='word_1_89' title='bbox 1766 1611 1944 1710; x_wconf 89' lang='lat' dir='ltr'>Diluuin,</span> <span class='ocrx_word' id='word_1_90' title='bbox 1968 1613 2045 1696; x_wconf 88' lang='lat' dir='ltr'>non</span> 
     </span>
     <span class='ocr_line' id='line_1_10' title="bbox 205 1746 2044 1857; baseline -0.001 -25"><span class='ocrx_word' id='word_1_91' title='bbox 205 1759 441 1857; x_wconf 85' lang='lat' dir='ltr'>accepissent</span> <span class='ocrx_word' id='word_1_92' title='bbox 462 1746 666 1828; x_wconf 73' lang='lat' dir='ltr'>zodiacum</span> <span class='ocrx_word' id='word_1_93' title='bbox 692 1761 876 1843; x_wconf 85' lang='lat' dir='ltr'>nostnnn,</span> <span class='ocrx_word' id='word_1_94' title='bbox 903 1756 979 1852; x_wconf 90' lang='lat' dir='ltr'>qui,</span> <span class='ocrx_word' id='word_1_95' title='bbox 1005 1769 1119 1852; x_wconf 91' lang='lat' dir='ltr'>quum</span> <span class='ocrx_word' id='word_1_96' title='bbox 1145 1767 1276 1827; x_wconf 89' lang='lat' dir='ltr'>omnes</span> <span class='ocrx_word' id='word_1_97' title='bbox 1302 1773 1344 1826; x_wconf 86' lang='lat' dir='ltr'>aa</span> <span class='ocrx_word' id='word_1_98' title='bbox 1367 1747 1648 1852; x_wconf 80' lang='lat' dir='ltr'>antiquissimos</span> <span class='ocrx_word' id='word_1_99' title='bbox 1674 1749 1842 1841; x_wconf 87' lang='lat' dir='ltr'>fecerint,</span> <span class='ocrx_word' id='word_1_100' title='bbox 1862 1755 1966 1852; x_wconf 88' lang='lat' dir='ltr'>ipsos</span> <span class='ocrx_word' id='word_1_101' title='bbox 1989 1750 2044 1830; x_wconf 84' lang='lat' dir='ltr'>fe·</span> 
     </span>
     <span class='ocr_line' id='line_1_11' title="bbox 205 1884 2045 1985; baseline -0.003 -18"><span class='ocrx_word' id='word_1_102' title='bbox 205 1895 324 1966; x_wconf 85' lang='lat' dir='ltr'>cisset</span> <span class='ocrx_word' id='word_1_103' title='bbox 345 1891 530 1979; x_wconf 65' lang='lat' dir='ltr'>iuniorem</span> <span class='ocrx_word' id='word_1_104' title='bbox 556 1888 639 1977; x_wconf 83' lang='lat' dir='ltr'>sed,</span> <span class='ocrx_word' id='word_1_105' title='bbox 663 1903 780 1985; x_wconf 85' lang='lat' dir='ltr'>quum</span> <span class='ocrx_word' id='word_1_106' title='bbox 803 1887 931 1962; x_wconf 86' lang='lat' dir='ltr'>nullae</span> <span class='ocrx_word' id='word_1_107' title='bbox 954 1897 1097 1984; x_wconf 88' lang='lat' dir='ltr'>gentes,</span> <span class='ocrx_word' id='word_1_108' title='bbox 1119 1887 1201 1962; x_wconf 88' lang='lat' dir='ltr'>sius</span> <span class='ocrx_word' id='word_1_109' title='bbox 1225 1898 1450 1976; x_wconf 73' lang='lat' dir='ltr'>venatores,</span> <span class='ocrx_word' id='word_1_110' title='bbox 1476 1888 1557 1962; x_wconf 89' lang='lat' dir='ltr'>sine</span> <span class='ocrx_word' id='word_1_111' title='bbox 1580 1892 1772 1985; x_wconf 86' lang='lat' dir='ltr'>pastores,</span> <span class='ocrx_word' id='word_1_112' title='bbox 1798 1884 1881 1960; x_wconf 88' lang='lat' dir='ltr'>siue</span> <span class='ocrx_word' id='word_1_113' title='bbox 1902 1885 2045 1983; x_wconf 64' lang='lat' dir='ltr'>agriem</span> 
     </span>
    </p>
   </div>
   <div class='ocr_carea' id='block_1_4' title="bbox 206 2014 2200 2120">
    <p class='ocr_par' dir='ltr' id='par_1_4' title="bbox 206 2014 2200 2120">
     <span class='ocr_line' id='line_1_12' title="bbox 206 2014 2200 2120; baseline 0 -22"><span class='ocrx_word' id='word_1_114' title='bbox 206 2027 281 2114; x_wconf 85' lang='lat' dir='ltr'>lae,</span> <span class='ocrx_word' id='word_1_115' title='bbox 302 2022 433 2098; x_wconf 87' lang='lat' dir='ltr'>decom</span> <span class='ocrx_word' id='word_1_116' title='bbox 455 2037 576 2098; x_wconf 87' lang='lat' dir='ltr'>annos</span> <span class='ocrx_word' id='word_1_117' title='bbox 601 2024 686 2096; x_wconf 87' lang='lat' dir='ltr'>sino</span> <span class='ocrx_word' id='word_1_118' title='bbox 707 2019 890 2111; x_wconf 87' lang='lat' dir='ltr'>Zodiaco‚</span> <span class='ocrx_word' id='word_1_119' title='bbox 918 2023 1057 2120; x_wconf 89' lang='lat' dir='ltr'>quippe</span> <span class='ocrx_word' id='word_1_120' title='bbox 1083 2019 1297 2095; x_wconf 86' lang='lat' dir='ltr'>calendario</span> <span class='ocrx_word' id='word_1_121' title='bbox 1322 2040 1391 2095; x_wconf 92' lang='lat' dir='ltr'>suo</span> <span class='ocrx_word' id='word_1_122' title='bbox 1411 2039 1458 2102; x_wconf 63' lang='lat' dir='ltr'>ac¹</span> <span class='ocrx_word' id='word_1_123' title='bbox 1481 2014 1619 2096; x_wconf 86' lang='lat' dir='ltr'>tabulis</span> <span class='ocrx_word' id='word_1_124' title='bbox 1646 2018 1850 2110; x_wconf 85' lang='lat' dir='ltr'>lunaribus,</span> <span class='ocrx_word' id='word_1_125' title='bbox 1872 2034 2044 2098; x_wconf 82' lang='lat' dir='ltr'>constare</span> <span class='ocrx_word' id='word_1_126' title='bbox 2193 2019 2200 2038; x_wconf 91' lang='grc'><em>’</em></span> 
     </span>
    </p>
   </div>
   <div class='ocr_carea' id='block_1_5' title="bbox 203 2151 2051 5214">
    <p class='ocr_par' dir='ltr' id='par_1_5' title="bbox 203 2151 2051 5214">
     <span class='ocr_line' id='line_1_13' title="bbox 207 2151 2043 2258; baseline 0.001 -25"><span class='ocrx_word' id='word_1_127' title='bbox 207 2161 366 2258; x_wconf 86' lang='lat' dir='ltr'>possint,</span> <span class='ocrx_word' id='word_1_128' title='bbox 389 2158 588 2255; x_wconf 74' lang='lat' dir='ltr'>antiquum</span> <span class='ocrx_word' id='word_1_129' title='bbox 613 2175 723 2232; x_wconf 83' lang='grc'><strong>11111111</strong></span> <span class='ocrx_word' id='word_1_130' title='bbox 743 2155 947 2232; x_wconf 83' lang='lat' dir='ltr'>Zodiacum</span> <span class='ocrx_word' id='word_1_131' title='bbox 969 2157 1225 2230; x_wconf 83' lang='lat' dir='ltr'>retinuissent</span> <span class='ocrx_word' id='word_1_132' title='bbox 1277 2155 1377 2252; x_wconf 81' lang='lat' dir='ltr'>Ergo</span> <span class='ocrx_word' id='word_1_133' title='bbox 1401 2151 1584 2230; x_wconf 88' lang='lat' dir='ltr'>Zodiacus</span> <span class='ocrx_word' id='word_1_134' title='bbox 1608 2166 1737 2229; x_wconf 88' lang='lat' dir='ltr'>noster</span> <span class='ocrx_word' id='word_1_135' title='bbox 1764 2155 1945 2232; x_wconf 90' lang='lat' dir='ltr'>oriundus</span> <span class='ocrx_word' id='word_1_136' title='bbox 1973 2173 2043 2250; x_wconf 88' lang='lat' dir='ltr'>est,</span> 
     </span>
     <span class='ocr_line' id='line_1_14' title="bbox 205 2285 2045 2394; baseline 0.001 -26"><span class='ocrx_word' id='word_1_137' title='bbox 205 2309 279 2394; x_wconf 86' lang='lat' dir='ltr'>quo</span> <span class='ocrx_word' id='word_1_138' title='bbox 304 2304 476 2390; x_wconf 85' lang='lat' dir='ltr'>tempma</span> <span class='ocrx_word' id='word_1_139' title='bbox 504 2294 675 2366; x_wconf 87' lang='lat' dir='ltr'>emnium</span> <span class='ocrx_word' id='word_1_140' title='bbox 700 2292 871 2388; x_wconf 85' lang='lat' dir='ltr'>gentium</span> <span class='ocrx_word' id='word_1_141' title='bbox 898 2291 1035 2390; x_wconf 81' lang='lat' dir='ltr'>stirpes</span> <span class='ocrx_word' id='word_1_142' title='bbox 1062 2289 1184 2366; x_wconf 87' lang='lat' dir='ltr'>adhuc</span> <span class='ocrx_word' id='word_1_143' title='bbox 1208 2293 1338 2368; x_wconf 83' lang='lat' dir='ltr'>vnitae</span> <span class='ocrx_word' id='word_1_144' title='bbox 1361 2295 1500 2381; x_wconf 85' lang='lat' dir='ltr'>essent,</span> <span class='ocrx_word' id='word_1_145' title='bbox 1524 2291 1705 2365; x_wconf 86' lang='lat' dir='ltr'>nimirum</span> <span class='ocrx_word' id='word_1_146' title='bbox 1731 2285 1838 2364; x_wconf 87' lang='lat' dir='ltr'>breui</span> <span class='ocrx_word' id='word_1_147' title='bbox 1863 2304 1952 2392; x_wconf 90' lang='lat' dir='ltr'>post</span> <span class='ocrx_word' id='word_1_148' title='bbox 1975 2291 2045 2370; x_wconf 90' lang='lat' dir='ltr'>Di·</span> 
     </span>
     <span class='ocr_line' id='line_1_15' title="bbox 206 2424 2043 2525; baseline 0.002 -23"><span class='ocrx_word' id='word_1_149' title='bbox 206 2429 363 2506; x_wconf 84' lang='lat' dir='ltr'>lunium.</span> <span class='ocrx_word' id='word_1_150' title='bbox 415 2424 526 2516; x_wconf 77' lang='lat' dir='ltr'>Quod</span> <span class='ocrx_word' id='word_1_151' title='bbox 551 2429 774 2502; x_wconf 76' lang='lat' dir='ltr'>mnfirmant</span> <span class='ocrx_word' id='word_1_152' title='bbox 791 2425 981 2522; x_wconf 75' lang='lat' dir='ltr'>Aegyptii.</span> <span class='ocrx_word' id='word_1_153' title='bbox 1034 2425 1158 2518; x_wconf 70' lang='lat' dir='ltr'>Qmm</span> <span class='ocrx_word' id='word_1_154' title='bbox 1180 2425 1344 2524; x_wconf 83' lang='lat' dir='ltr'>&#39;l&#39;yphon</span> <span class='ocrx_word' id='word_1_155' title='bbox 1365 2425 1525 2525; x_wconf 89' lang='lat' dir='ltr'>(aquae),</span> <span class='ocrx_word' id='word_1_156' title='bbox 1547 2427 1666 2518; x_wconf 83' lang='lat' dir='ltr'>aiunt,</span> <span class='ocrx_word' id='word_1_157' title='bbox 1686 2425 1831 2500; x_wconf 88' lang='lat' dir='ltr'>deleret</span> <span class='ocrx_word' id='word_1_158' title='bbox 1853 2425 2043 2505; x_wconf 89' lang='lat' dir='ltr'>Osiridem</span> 
     </span>
     <span class='ocr_line' id='line_1_16' title="bbox 207 2557 2045 2661; baseline 0.002 -25"><span class='ocrx_word' id='word_1_159' title='bbox 207 2569 466 2652; x_wconf 84' lang='lat' dir='ltr'>(autumnum,</span> <span class='ocrx_word' id='word_1_160' title='bbox 511 2579 581 2636; x_wconf 86' lang='lat' dir='ltr'>seu</span> <span class='ocrx_word' id='word_1_161' title='bbox 604 2563 747 2638; x_wconf 80' lang='lat' dir='ltr'>fructus</span> <span class='ocrx_word' id='word_1_162' title='bbox 771 2571 808 2648; x_wconf 72' lang='grc' dir='ltr'>Θ</span> <span class='ocrx_word' id='word_1_163' title='bbox 830 2563 872 2634; x_wconf 89' lang='lat' dir='ltr'>in</span> <span class='ocrx_word' id='word_1_164' title='bbox 898 2577 936 2644; x_wconf 63' lang='lat' dir='ltr'>,cs</span> <span class='ocrx_word' id='word_1_165' title='bbox 961 2573 998 2644; x_wconf 84' lang='lat' dir='ltr'>tn</span> <span class='ocrx_word' id='word_1_166' title='bbox 1026 2573 1057 2648; x_wconf 69' lang='lat' dir='ltr'>,a</span> <span class='ocrx_word' id='word_1_167' title='bbox 1080 2587 1118 2661; x_wconf 89' lang='lat' dir='ltr'>p.</span> <span class='ocrx_word' id='word_1_168' title='bbox 1142 2567 1215 2654; x_wconf 90' lang='grc'><strong>19.)</strong></span> <span class='ocrx_word' id='word_1_169' title='bbox 1224 2613 1235 2651; x_wconf 99' lang='grc'><strong>,</strong></span> <span class='ocrx_word' id='word_1_170' title='bbox 1269 2581 1401 2634; x_wconf 93' lang='lat' dir='ltr'>omnes</span> <span class='ocrx_word' id='word_1_171' title='bbox 1427 2557 1494 2634; x_wconf 86' lang='lat' dir='ltr'>Dii</span> <span class='ocrx_word' id='word_1_172' title='bbox 1524 2564 1735 2658; x_wconf 82' lang='lat' dir='ltr'>(potentiae</span> <span class='ocrx_word' id='word_1_173' title='bbox 1765 2559 1997 2655; x_wconf 90' lang='lat' dir='ltr'>mundanae)</span> <span class='ocrx_word' id='word_1_174' title='bbox 2021 2588 2045 2639; x_wconf 95' lang='lat' dir='ltr'>a</span> 
     </span>
     <span class='ocr_line' id='line_1_17' title="bbox 205 2689 2045 2796; baseline 0.002 -27"><span class='ocrx_word' id='word_1_175' title='bbox 205 2696 377 2771; x_wconf 77' lang='grc'><strong>11111111</strong></span> <span class='ocrx_word' id='word_1_176' title='bbox 397 2693 543 2772; x_wconf 83' lang='lat' dir='ltr'>coelum</span> <span class='ocrx_word' id='word_1_177' title='bbox 560 2697 749 2793; x_wconf 79' lang='lat' dir='ltr'>fugerunt,</span> <span class='ocrx_word' id='word_1_178' title='bbox 769 2698 836 2774; x_wconf 82' lang='lat' dir='ltr'>vbi</span> <span class='ocrx_word' id='word_1_179' title='bbox 855 2699 897 2770; x_wconf 94' lang='lat' dir='ltr'>ln</span> <span class='ocrx_word' id='word_1_180' title='bbox 920 2691 1104 2772; x_wconf 86' lang='lat' dir='ltr'>animalia</span> <span class='ocrx_word' id='word_1_181' title='bbox 1131 2695 1311 2786; x_wconf 88' lang='lat' dir='ltr'>(Zodiaci)</span> <span class='ocrx_word' id='word_1_182' title='bbox 1334 2707 1483 2768; x_wconf 85' lang='lat' dir='ltr'>mutata</span> <span class='ocrx_word' id='word_1_183' title='bbox 1498 2700 1597 2766; x_wconf 85' lang='lat' dir='ltr'>sunt.</span> <span class='ocrx_word' id='word_1_184' title='bbox 1647 2689 1754 2781; x_wconf 89' lang='lat' dir='ltr'>Dies,</span> <span class='ocrx_word' id='word_1_185' title='bbox 1776 2715 1849 2788; x_wconf 91' lang='lat' dir='ltr'>quo</span> <span class='ocrx_word' id='word_1_186' title='bbox 1864 2695 2045 2796; x_wconf 78' lang='lat' dir='ltr'>Aegyptii</span> 
     </span>
     <span class='ocr_line' id='line_1_18' title="bbox 208 2819 2044 2932; baseline -0.002 -27"><span class='ocrx_word' id='word_1_187' title='bbox 208 2828 371 2906; x_wconf 72' lang='lat' dir='ltr'>omnm</span> <span class='ocrx_word' id='word_1_188' title='bbox 388 2843 551 2906; x_wconf 87' lang='lat' dir='ltr'>mortem</span> <span class='ocrx_word' id='word_1_189' title='bbox 576 2834 783 2932; x_wconf 74' lang='lat' dir='ltr'>antiquitus</span> <span class='ocrx_word' id='word_1_190' title='bbox 801 2831 1053 2919; x_wconf 79' lang='lat' dir='ltr'>celebrabant,</span> <span class='ocrx_word' id='word_1_191' title='bbox 1076 2831 1180 2904; x_wconf 90' lang='lat' dir='ltr'>idem</span> <span class='ocrx_word' id='word_1_192' title='bbox 1201 2839 1261 2901; x_wconf 88' lang='lat' dir='ltr'>est</span> <span class='ocrx_word' id='word_1_193' title='bbox 1283 2837 1394 2921; x_wconf 91' lang='lat' dir='ltr'>atquc</span> <span class='ocrx_word' id='word_1_194' title='bbox 1415 2821 1559 2897; x_wconf 87' lang='lat' dir='ltr'>Diluuii</span> <span class='ocrx_word' id='word_1_195' title='bbox 1582 2819 1748 2914; x_wconf 85' lang='lat' dir='ltr'>initium,</span> <span class='ocrx_word' id='word_1_196' title='bbox 1770 2825 1909 2926; x_wconf 92' lang='lat' dir='ltr'>quippe</span> <span class='ocrx_word' id='word_1_197' title='bbox 1935 2827 2044 2908; x_wconf 86' lang='lat' dir='ltr'>XVll.</span> 
     </span>
     <span class='ocr_line' id='line_1_19' title="bbox 209 2954 2046 3068; baseline 0.002 -28"><span class='ocrx_word' id='word_1_198' title='bbox 209 2965 407 3061; x_wconf 83' lang='lat' dir='ltr'>Adyr.vel</span> <span class='ocrx_word' id='word_1_199' title='bbox 431 2965 505 3064; x_wconf 71' lang='lat' dir='ltr'>liar</span> <span class='ocrx_word' id='word_1_200' title='bbox 530 2971 609 3068; x_wconf 83' lang='lat' dir='ltr'>(m).</span> <span class='ocrx_word' id='word_1_201' title='bbox 661 2969 757 3043; x_wconf 87' lang='lat' dir='ltr'>ltcm</span> <span class='ocrx_word' id='word_1_202' title='bbox 784 2967 928 3042; x_wconf 76' lang='lat' dir='ltr'>omen.</span> <span class='ocrx_word' id='word_1_203' title='bbox 982 2965 1107 3053; x_wconf 75' lang='lat' dir='ltr'>Quum</span> <span class='ocrx_word' id='word_1_204' title='bbox 1133 2963 1317 3034; x_wconf 87' lang='lat' dir='ltr'>Satnmus</span> <span class='ocrx_word' id='word_1_205' title='bbox 1338 2954 1535 3057; x_wconf 85' lang='lat' dir='ltr'>(Typhon)</span> <span class='ocrx_word' id='word_1_206' title='bbox 1559 2972 1734 3054; x_wconf 78' lang='lat' dir='ltr'>regnaret</span> <span class='ocrx_word' id='word_1_207' title='bbox 1757 2961 1951 3058; x_wconf 86' lang='lat' dir='ltr'>(periodus</span> <span class='ocrx_word' id='word_1_208' title='bbox 1976 2967 2046 3042; x_wconf 90' lang='lat' dir='ltr'>So·</span> 
     </span>
     <span class='ocr_line' id='line_1_20' title="bbox 206 3069 2044 3200; baseline 0.001 -26"><span class='ocrx_word' id='word_1_209' title='bbox 206 3099 307 3174; x_wconf 82' lang='grc'><strong>11111</strong></span> <span class='ocrx_word' id='word_1_210' title='bbox 330 3103 455 3200; x_wconf 81' lang='lat' dir='ltr'>prima</span> <span class='ocrx_word' id='word_1_211' title='bbox 476 3113 578 3178; x_wconf 88' lang='lat' dir='ltr'>esset</span> <span class='ocrx_word' id='word_1_212' title='bbox 603 3103 862 3176; x_wconf 53' lang='lat' dir='ltr'>lidia-eim</span> <span class='ocrx_word' id='word_1_213' title='bbox 888 3115 922 3170; x_wconf 79' lang='lat' dir='ltr'>a</span> <span class='ocrx_word' id='word_1_214' title='bbox 946 3095 1046 3186; x_wconf 84' lang='lat' dir='ltr'>Ch),</span> <span class='ocrx_word' id='word_1_215' title='bbox 1072 3097 1196 3181; x_wconf 85' lang='lat' dir='ltr'>aiunt,</span> <span class='ocrx_word' id='word_1_216' title='bbox 1222 3069 1304 3190; x_wconf 87' lang='lat' dir='ltr'>ipse</span> <span class='ocrx_word' id='word_1_217' title='bbox 1332 3091 1485 3190; x_wconf 77' lang='lat' dir='ltr'>(aquae)¹</span> <span class='ocrx_word' id='word_1_218' title='bbox 1509 3093 1605 3168; x_wconf 88' lang='lat' dir='ltr'>illios</span> <span class='ocrx_word' id='word_1_219' title='bbox 1625 3117 1713 3170; x_wconf 90' lang='lat' dir='ltr'>suos</span> <span class='ocrx_word' id='word_1_220' title='bbox 1737 3095 1958 3196; x_wconf 83' lang='lat' dir='ltr'>(prouentus</span> <span class='ocrx_word' id='word_1_221' title='bbox 1982 3125 2044 3178; x_wconf 90' lang='lat' dir='ltr'>ae-</span> 
     </span>
     <span class='ocr_line' id='line_1_21' title="bbox 204 3223 2045 3336; baseline 0.002 -29"><span class='ocrx_word' id='word_1_222' title='bbox 204 3233 296 3309; x_wconf 80' lang='lat' dir='ltr'>tatis</span> <span class='ocrx_word' id='word_1_223' title='bbox 322 3237 431 3334; x_wconf 89' lang='lat' dir='ltr'>suae)</span> <span class='ocrx_word' id='word_1_224' title='bbox 457 3236 678 3322; x_wconf 80' lang='lat' dir='ltr'>denotauit,</span> <span class='ocrx_word' id='word_1_225' title='bbox 714 3244 849 3330; x_wconf 87' lang='lat' dir='ltr'>postea</span> <span class='ocrx_word' id='word_1_226' title='bbox 872 3229 999 3302; x_wconf 90' lang='lat' dir='ltr'>denuo</span> <span class='ocrx_word' id='word_1_227' title='bbox 1025 3231 1068 3302; x_wconf 90' lang='lat' dir='ltr'>in</span> <span class='ocrx_word' id='word_1_228' title='bbox 1094 3227 1216 3302; x_wconf 89' lang='lat' dir='ltr'>lucem</span> <span class='ocrx_word' id='word_1_229' title='bbox 1250 3223 1372 3300; x_wconf 89' lang='lat' dir='ltr'>edidit</span> <span class='ocrx_word' id='word_1_230' title='bbox 1405 3228 1608 3321; x_wconf 87' lang='lat' dir='ltr'>(terrarum</span> <span class='ocrx_word' id='word_1_231' title='bbox 1645 3231 1774 3306; x_wconf 85' lang='lat' dir='ltr'>orbern</span> <span class='ocrx_word' id='word_1_232' title='bbox 1808 3233 2045 3336; x_wconf 89' lang='lat' dir='ltr'>derelinque-</span> 
     </span>
     <span class='ocr_line' id='line_1_22' title="bbox 203 3347 2042 3468; baseline 0.004 -27"><span class='ocrx_word' id='word_1_233' title='bbox 203 3369 327 3466; x_wconf 75' lang='lat' dir='ltr'>renat).</span> <span class='ocrx_word' id='word_1_234' title='bbox 375 3371 541 3444; x_wconf 79' lang='lat' dir='ltr'>Auream</span> <span class='ocrx_word' id='word_1_235' title='bbox 576 3371 740 3438; x_wconf 76' lang='lat' dir='ltr'>aetatem</span> <span class='ocrx_word' id='word_1_236' title='bbox 773 3363 912 3457; x_wconf 84' lang='lat' dir='ltr'>(vitam</span> <span class='ocrx_word' id='word_1_237' title='bbox 930 3361 1241 3462; x_wconf 84' lang='lat' dir='ltr'>patriarchalem)</span> <span class='ocrx_word' id='word_1_238' title='bbox 1272 3373 1401 3436; x_wconf 89' lang='lat' dir='ltr'>secuta</span> <span class='ocrx_word' id='word_1_239' title='bbox 1431 3375 1489 3436; x_wconf 87' lang='lat' dir='ltr'>est</span> <span class='ocrx_word' id='word_1_240' title='bbox 1520 3347 1721 3441; x_wconf 58' lang='lat' dir='ltr'>secunda(</span> <span class='ocrx_word' id='word_1_241' title='bbox 1747 3367 2042 3468; x_wconf 89' lang='lat' dir='ltr'>Antiquissimas</span> 
     </span>
     <span class='ocr_line' id='line_1_23' title="bbox 203 3495 2044 3604; baseline 0.004 -33"><span class='ocrx_word' id='word_1_242' title='bbox 203 3502 340 3590; x_wconf 77' lang='lat' dir='ltr'>vehes,</span> <span class='ocrx_word' id='word_1_243' title='bbox 368 3513 413 3576; x_wconf 81' lang='lat' dir='ltr'>vt</span> <span class='ocrx_word' id='word_1_244' title='bbox 441 3499 678 3595; x_wconf 86' lang='lat' dir='ltr'>Olympiam,</span> <span class='ocrx_word' id='word_1_245' title='bbox 712 3509 817 3571; x_wconf 84' lang='lat' dir='ltr'>artas</span> <span class='ocrx_word' id='word_1_246' title='bbox 844 3497 975 3574; x_wconf 83' lang='lat' dir='ltr'>dicunt</span> <span class='ocrx_word' id='word_1_247' title='bbox 1007 3509 1095 3573; x_wconf 89' lang='lat' dir='ltr'>auto</span> <span class='ocrx_word' id='word_1_248' title='bbox 1128 3495 1227 3572; x_wconf 88' lang='lat' dir='ltr'>louis</span> <span class='ocrx_word' id='word_1_249' title='bbox 1254 3497 1322 3594; x_wconf 72' lang='lat' dir='ltr'>(tp)</span> <span class='ocrx_word' id='word_1_250' title='bbox 1349 3499 1657 3598; x_wconf 55' lang='lat' dir='ltr'>regnumnunsr</span> <span class='ocrx_word' id='word_1_251' title='bbox 1680 3514 1712 3573; x_wconf 92' lang='lat' dir='ltr'>a.</span> <span class='ocrx_word' id='word_1_252' title='bbox 1733 3497 1823 3591; x_wconf 83' lang='lat' dir='ltr'>Ch,</span> <span class='ocrx_word' id='word_1_253' title='bbox 1855 3509 1932 3580; x_wconf 86' lang='grc'>700</span> <span class='ocrx_word' id='word_1_254' title='bbox 1956 3521 2044 3604; x_wconf 86' lang='lat' dir='ltr'>post</span> 
     </span>
     <span class='ocr_line' id='line_1_24' title="bbox 205 3625 2042 3741; baseline 0.004 -33"><span class='ocrx_word' id='word_1_255' title='bbox 205 3633 429 3732; x_wconf 77' lang='lat' dir='ltr'>liilnniom).</span> <span class='ocrx_word' id='word_1_256' title='bbox 482 3632 598 3707; x_wconf 82' lang='lat' dir='ltr'>&#39;leste</span> <span class='ocrx_word' id='word_1_257' title='bbox 617 3625 1025 3722; x_wconf 58' lang='lat' dir='ltr'>demandationem</span> <span class='ocrx_word' id='word_1_258' title='bbox 1053 3643 1157 3706; x_wconf 79' lang='lat' dir='ltr'>ornis</span> <span class='ocrx_word' id='word_1_259' title='bbox 1178 3641 1237 3706; x_wconf 87' lang='lat' dir='ltr'>est</span> <span class='ocrx_word' id='word_1_260' title='bbox 1255 3635 1380 3707; x_wconf 86' lang='grc'><strong>17000</strong></span> <span class='ocrx_word' id='word_1_261' title='bbox 1398 3633 1508 3705; x_wconf 90' lang='lat' dir='ltr'>anuis</span> <span class='ocrx_word' id='word_1_262' title='bbox 1531 3633 1756 3741; x_wconf 82' lang='lat' dir='ltr'>(mensibus)</span> <span class='ocrx_word' id='word_1_263' title='bbox 1778 3647 1865 3709; x_wconf 88' lang='lat' dir='ltr'>ante</span> <span class='ocrx_word' id='word_1_264' title='bbox 1882 3639 2042 3716; x_wconf 84' lang='lat' dir='ltr'>Amasin</span> 
     </span>
     <span class='ocr_line' id='line_1_25' title="bbox 207 3765 2041 3867; baseline 0.006 -27"><span class='ocrx_word' id='word_1_265' title='bbox 207 3771 459 3867; x_wconf 78' lang='grc'><strong>(1008),11111</strong></span> <span class='ocrx_word' id='word_1_266' title='bbox 486 3775 582 3842; x_wconf 94' lang='grc'><strong>1417</strong></span> <span class='ocrx_word' id='word_1_267' title='bbox 607 3767 857 3858; x_wconf 71' lang='grc'><strong>1111111111,</strong></span> <span class='ocrx_word' id='word_1_268' title='bbox 880 3791 967 3864; x_wconf 88' lang='lat' dir='ltr'>ergo</span> <span class='ocrx_word' id='word_1_269' title='bbox 991 3765 1126 3842; x_wconf 86' lang='lat' dir='ltr'>eodem</span> <span class='ocrx_word' id='word_1_270' title='bbox 1153 3767 1232 3840; x_wconf 87' lang='lat' dir='ltr'>lere</span> <span class='ocrx_word' id='word_1_271' title='bbox 1255 3774 1436 3863; x_wconf 87' lang='lat' dir='ltr'>tempore.</span> <span class='ocrx_word' id='word_1_272' title='bbox 1489 3767 1668 3842; x_wconf 88' lang='lat' dir='ltr'>Monetho</span> <span class='ocrx_word' id='word_1_273' title='bbox 1689 3785 1820 3846; x_wconf 87' lang='lat' dir='ltr'>veram</span> <span class='ocrx_word' id='word_1_274' title='bbox 1845 3767 2041 3852; x_wconf 84' lang='lat' dir='ltr'>historiam</span> 
     </span>
     <span class='ocr_line' id='line_1_26' title="bbox 207 3895 2043 4004; baseline 0.005 -28"><span class='ocrx_word' id='word_1_275' title='bbox 207 3904 340 4002; x_wconf 85' lang='lat' dir='ltr'>incipit</span> <span class='ocrx_word' id='word_1_276' title='bbox 362 3924 386 3978; x_wconf 98' lang='grc'>1</span> <span class='ocrx_word' id='word_1_277' title='bbox 407 3903 586 3998; x_wconf 84' lang='lat' dir='ltr'>dynastia</span> <span class='ocrx_word' id='word_1_278' title='bbox 604 3903 681 3978; x_wconf 81' lang='lat' dir='ltr'>Xll.</span> <span class='ocrx_word' id='word_1_279' title='bbox 706 3958 708 3962; x_wconf 83' lang='grc'>-</span> <span class='ocrx_word' id='word_1_280' title='bbox 734 3895 926 3976; x_wconf 84' lang='lat' dir='ltr'>Prioribus</span> <span class='ocrx_word' id='word_1_281' title='bbox 950 3907 1054 3977; x_wconf 89' lang='lat' dir='ltr'>enim</span> <span class='ocrx_word' id='word_1_282' title='bbox 1074 3901 1177 3976; x_wconf 85' lang='lat' dir='ltr'>Deos</span> <span class='ocrx_word' id='word_1_283' title='bbox 1199 3921 1379 3994; x_wconf 86' lang='lat' dir='ltr'>regnasse</span> <span class='ocrx_word' id='word_1_284' title='bbox 1404 3901 1505 3978; x_wconf 88' lang='lat' dir='ltr'>dicit.</span> <span class='ocrx_word' id='word_1_285' title='bbox 1558 3903 1659 3977; x_wconf 90' lang='lat' dir='ltr'>lnter</span> <span class='ocrx_word' id='word_1_286' title='bbox 1680 3906 1823 4004; x_wconf 90' lang='lat' dir='ltr'>primos</span> <span class='ocrx_word' id='word_1_287' title='bbox 1843 3906 2043 4002; x_wconf 88' lang='lat' dir='ltr'>dynastiae</span> 
     </span>
     <span class='ocr_line' id='line_1_27' title="bbox 209 4033 2043 4141; baseline 0.005 -29"><span class='ocrx_word' id='word_1_288' title='bbox 209 4033 285 4112; x_wconf 77' lang='lat' dir='ltr'>xli</span> <span class='ocrx_word' id='word_1_289' title='bbox 309 4057 417 4133; x_wconf 84' lang='lat' dir='ltr'>reges</span> <span class='ocrx_word' id='word_1_290' title='bbox 442 4051 617 4114; x_wconf 87' lang='lat' dir='ltr'>numerat</span> <span class='ocrx_word' id='word_1_291' title='bbox 641 4035 907 4126; x_wconf 81' lang='lat' dir='ltr'>Sesostridern,</span> <span class='ocrx_word' id='word_1_292' title='bbox 925 4035 1097 4132; x_wconf 76' lang='lat' dir='ltr'>Samum,</span> <span class='ocrx_word' id='word_1_293' title='bbox 1123 4037 1321 4127; x_wconf 88' lang='lat' dir='ltr'>Sesoosin;</span> <span class='ocrx_word' id='word_1_294' title='bbox 1344 4046 1456 4134; x_wconf 87' lang='lat' dir='ltr'>atquc</span> <span class='ocrx_word' id='word_1_295' title='bbox 1480 4035 1664 4115; x_wconf 87' lang='lat' dir='ltr'>Chaldaei</span> <span class='ocrx_word' id='word_1_296' title='bbox 1688 4053 1855 4131; x_wconf 87' lang='lat' dir='ltr'>narrant,</span> <span class='ocrx_word' id='word_1_297' title='bbox 1877 4037 2043 4141; x_wconf 85' lang='lat' dir='ltr'>primum</span> 
     </span>
     <span class='ocr_line' id='line_1_28' title="bbox 209 4169 2043 4272; baseline 0.005 -24"><span class='ocrx_word' id='word_1_298' title='bbox 209 4187 298 4272; x_wconf 86' lang='lat' dir='ltr'>post</span> <span class='ocrx_word' id='word_1_299' title='bbox 326 4175 522 4248; x_wconf 92' lang='lat' dir='ltr'>Diluuium</span> <span class='ocrx_word' id='word_1_300' title='bbox 551 4175 759 4270; x_wconf 90' lang='lat' dir='ltr'>principem</span> <span class='ocrx_word' id='word_1_301' title='bbox 793 4193 836 4244; x_wconf 93' lang='grc'>11</span> <span class='ocrx_word' id='word_1_302' title='bbox 866 4171 1118 4268; x_wconf 84' lang='lat' dir='ltr'>patriarcham</span> <span class='ocrx_word' id='word_1_303' title='bbox 1152 4169 1344 4246; x_wconf 87' lang='lat' dir='ltr'>audiuisse</span> <span class='ocrx_word' id='word_1_304' title='bbox 1377 4171 1585 4265; x_wconf 89' lang='lat' dir='ltr'>Sisustros,</span> <span class='ocrx_word' id='word_1_305' title='bbox 1611 4173 1805 4270; x_wconf 86' lang='lat' dir='ltr'>Sisugros,</span> <span class='ocrx_word' id='word_1_306' title='bbox 1831 4173 2043 4258; x_wconf 90' lang='lat' dir='ltr'>Xisuthros.</span> 
     </span>
     <span class='ocr_line' id='line_1_29' title="bbox 208 4289 2046 4411; baseline 0.002 -27"><span class='ocrx_word' id='word_1_307' title='bbox 208 4307 435 4384; x_wconf 72' lang='lat' dir='ltr'>Manethon</span> <span class='ocrx_word' id='word_1_308' title='bbox 456 4307 873 4406; x_wconf 79' lang='lat' dir='ltr'>principiodyrrastiac</span> <span class='ocrx_word' id='word_1_309' title='bbox 897 4303 983 4392; x_wconf 89' lang='lat' dir='ltr'>Xll,</span> <span class='ocrx_word' id='word_1_310' title='bbox 1013 4325 1134 4404; x_wconf 88' lang='lat' dir='ltr'>aqua</span> <span class='ocrx_word' id='word_1_311' title='bbox 1159 4324 1301 4380; x_wconf 80' lang='lat' dir='ltr'>nouom</span> <span class='ocrx_word' id='word_1_312' title='bbox 1327 4305 1509 4383; x_wconf 88' lang='lat' dir='ltr'>historiae</span> <span class='ocrx_word' id='word_1_313' title='bbox 1534 4330 1626 4383; x_wconf 91' lang='lat' dir='ltr'>suac</span> <span class='ocrx_word' id='word_1_314' title='bbox 1651 4289 1787 4382; x_wconf 82' lang='lat' dir='ltr'>lihrum</span> <span class='ocrx_word' id='word_1_315' title='bbox 1809 4313 1969 4411; x_wconf 83' lang='lat' dir='ltr'>incepit,</span> <span class='ocrx_word' id='word_1_316' title='bbox 1995 4313 2046 4390; x_wconf 90' lang='lat' dir='ltr'>ad</span> 
     </span>
     <span class='ocr_line' id='line_1_30' title="bbox 210 4438 2047 4541; baseline 0.003 -25"><span class='ocrx_word' id='word_1_317' title='bbox 210 4441 344 4518; x_wconf 78' lang='lat' dir='ltr'>Mosen</span> <span class='ocrx_word' id='word_1_318' title='bbox 374 4449 486 4541; x_wconf 81' lang='lat' dir='ltr'>alqne</span> <span class='ocrx_word' id='word_1_319' title='bbox 509 4441 672 4516; x_wconf 87' lang='lat' dir='ltr'>Amosin</span> <span class='ocrx_word' id='word_1_320' title='bbox 693 4443 719 4519; x_wconf 90' lang='lat' dir='ltr'>l.</span> <span class='ocrx_word' id='word_1_321' title='bbox 748 4438 911 4516; x_wconf 90' lang='lat' dir='ltr'>totidem</span> <span class='ocrx_word' id='word_1_322' title='bbox 933 4439 1016 4512; x_wconf 86' lang='lat' dir='ltr'>fere</span> <span class='ocrx_word' id='word_1_323' title='bbox 1044 4463 1163 4516; x_wconf 89' lang='lat' dir='ltr'>annos</span> <span class='ocrx_word' id='word_1_324' title='bbox 1188 4452 1383 4532; x_wconf 82' lang='lat' dir='ltr'>numerat,</span> <span class='ocrx_word' id='word_1_325' title='bbox 1404 4441 1511 4539; x_wconf 86' lang='lat' dir='ltr'>&#39;quot</span> <span class='ocrx_word' id='word_1_326' title='bbox 1532 4441 1726 4539; x_wconf 84' lang='lat' dir='ltr'>Scriptura</span> <span class='ocrx_word' id='word_1_327' title='bbox 1751 4445 1867 4520; x_wconf 91' lang='lat' dir='ltr'>Sacra</span> <span class='ocrx_word' id='word_1_328' title='bbox 1891 4469 1915 4518; x_wconf 91' lang='lat' dir='ltr'>a</span> <span class='ocrx_word' id='word_1_329' title='bbox 1937 4443 2047 4522; x_wconf 91' lang='lat' dir='ltr'>Noah</span> 
     </span>
     <span class='ocr_line' id='line_1_31' title="bbox 212 4569 2047 4676; baseline 0.003 -26"><span class='ocrx_word' id='word_1_330' title='bbox 212 4575 262 4650; x_wconf 90' lang='lat' dir='ltr'>od</span> <span class='ocrx_word' id='word_1_331' title='bbox 282 4577 426 4652; x_wconf 87' lang='lat' dir='ltr'>Mosen.</span> <span class='ocrx_word' id='word_1_332' title='bbox 478 4569 571 4652; x_wconf 87' lang='lat' dir='ltr'>ltern</span> <span class='ocrx_word' id='word_1_333' title='bbox 595 4577 728 4675; x_wconf 84' lang='lat' dir='ltr'>primis</span> <span class='ocrx_word' id='word_1_334' title='bbox 750 4576 921 4672; x_wconf 87' lang='lat' dir='ltr'>regibus,</span> <span class='ocrx_word' id='word_1_335' title='bbox 954 4597 1046 4673; x_wconf 89' lang='lat' dir='ltr'>quos</span> <span class='ocrx_word' id='word_1_336' title='bbox 1069 4577 1165 4651; x_wconf 86' lang='lat' dir='ltr'>libro</span> <span class='ocrx_word' id='word_1_337' title='bbox 1188 4576 1311 4676; x_wconf 90' lang='lat' dir='ltr'>primo</span> <span class='ocrx_word' id='word_1_338' title='bbox 1338 4587 1552 4664; x_wconf 87' lang='lat' dir='ltr'>enumerat,</span> <span class='ocrx_word' id='word_1_339' title='bbox 1575 4573 1735 4652; x_wconf 86' lang='lat' dir='ltr'>totidem</span> <span class='ocrx_word' id='word_1_340' title='bbox 1762 4601 1881 4653; x_wconf 89' lang='lat' dir='ltr'>annos</span> <span class='ocrx_word' id='word_1_341' title='bbox 1902 4582 2047 4675; x_wconf 76' lang='lat' dir='ltr'>nitunt,</span> 
     </span>
     <span class='ocr_line' id='line_1_32' title="bbox 215 4702 2050 4812; baseline 0.002 -26"><span class='ocrx_word' id='word_1_342' title='bbox 215 4723 306 4808; x_wconf 87' lang='lat' dir='ltr'>quot</span> <span class='ocrx_word' id='word_1_343' title='bbox 324 4713 374 4788; x_wconf 84' lang='lat' dir='ltr'>oh</span> <span class='ocrx_word' id='word_1_344' title='bbox 387 4711 538 4788; x_wconf 84' lang='lat' dir='ltr'>Adsmo</span> <span class='ocrx_word' id='word_1_345' title='bbox 556 4729 680 4811; x_wconf 79' lang='lat' dir='ltr'>voque</span> <span class='ocrx_word' id='word_1_346' title='bbox 693 4711 744 4787; x_wconf 88' lang='lat' dir='ltr'>ad</span> <span class='ocrx_word' id='word_1_347' title='bbox 761 4709 868 4786; x_wconf 87' lang='lat' dir='ltr'>Noah</span> <span class='ocrx_word' id='word_1_348' title='bbox 894 4709 1012 4808; x_wconf 88' lang='lat' dir='ltr'>elapsi</span> <span class='ocrx_word' id='word_1_349' title='bbox 1030 4723 1127 4788; x_wconf 86' lang='lat' dir='ltr'>sunt.</span> <span class='ocrx_word' id='word_1_350' title='bbox 1178 4702 1354 4788; x_wconf 81' lang='lat' dir='ltr'>&#39;lotidem</span> <span class='ocrx_word' id='word_1_351' title='bbox 1375 4711 1469 4784; x_wconf 89' lang='lat' dir='ltr'>libro</span> <span class='ocrx_word' id='word_1_352' title='bbox 1487 4713 1610 4808; x_wconf 91' lang='lat' dir='ltr'>primo</span> <span class='ocrx_word' id='word_1_353' title='bbox 1628 4725 1824 4788; x_wconf 90' lang='lat' dir='ltr'>enumerat</span> <span class='ocrx_word' id='word_1_354' title='bbox 1838 4703 2050 4812; x_wconf 83' lang='lat' dir='ltr'>dynastias,</span> 
     </span>
     <span class='ocr_line' id='line_1_33' title="bbox 217 4843 2051 4951; baseline 0.002 -29"><span class='ocrx_word' id='word_1_355' title='bbox 217 4865 370 4940; x_wconf 79' lang='lat' dir='ltr'>quarum</span> <span class='ocrx_word' id='word_1_356' title='bbox 394 4847 686 4922; x_wconf 75' lang='lat' dir='ltr'>astrorrornicam</span> <span class='ocrx_word' id='word_1_357' title='bbox 714 4848 902 4920; x_wconf 86' lang='lat' dir='ltr'>rationem</span> <span class='ocrx_word' id='word_1_358' title='bbox 926 4843 1198 4935; x_wconf 81' lang='lat' dir='ltr'>iudicauimus,</span> <span class='ocrx_word' id='word_1_359' title='bbox 1238 4857 1329 4944; x_wconf 92' lang='lat' dir='ltr'>quot</span> <span class='ocrx_word' id='word_1_360' title='bbox 1351 4845 1542 4943; x_wconf 85' lang='lat' dir='ltr'>Scriptura</span> <span class='ocrx_word' id='word_1_361' title='bbox 1562 4847 1678 4923; x_wconf 88' lang='lat' dir='ltr'>Sacra</span> <span class='ocrx_word' id='word_1_362' title='bbox 1703 4849 1892 4946; x_wconf 89' lang='lat' dir='ltr'>principes</span> <span class='ocrx_word' id='word_1_363' title='bbox 1917 4873 1961 4922; x_wconf 90' lang='lat' dir='ltr'>ac</span> <span class='ocrx_word' id='word_1_364' title='bbox 1985 4875 2051 4951; x_wconf 87' lang='lat' dir='ltr'>pa·</span> 
     </span>
     <span class='ocr_line' id='line_1_34' title="bbox 217 4977 2049 5080; baseline 0.007 -30"><span class='ocrx_word' id='word_1_365' title='bbox 217 4979 397 5058; x_wconf 79' lang='lat' dir='ltr'>triarchas</span> <span class='ocrx_word' id='word_1_366' title='bbox 416 4981 466 5058; x_wconf 87' lang='lat' dir='ltr'>ab</span> <span class='ocrx_word' id='word_1_367' title='bbox 486 4980 636 5056; x_wconf 86' lang='lat' dir='ltr'>Adamo</span> <span class='ocrx_word' id='word_1_368' title='bbox 662 5003 780 5080; x_wconf 88' lang='lat' dir='ltr'>vsquc</span> <span class='ocrx_word' id='word_1_369' title='bbox 802 4979 852 5053; x_wconf 88' lang='lat' dir='ltr'>ad</span> <span class='ocrx_word' id='word_1_370' title='bbox 865 4977 985 5054; x_wconf 87' lang='lat' dir='ltr'>Noah.</span> <span class='ocrx_word' id='word_1_371' title='bbox 1038 4981 1137 5076; x_wconf 82' lang='lat' dir='ltr'>Ergo</span> <span class='ocrx_word' id='word_1_372' title='bbox 1155 4977 1288 5054; x_wconf 86' lang='lat' dir='ltr'>Mones</span> <span class='ocrx_word' id='word_1_373' title='bbox 1312 4978 1412 5078; x_wconf 90' lang='lat' dir='ltr'>apud</span> <span class='ocrx_word' id='word_1_374' title='bbox 1429 4979 1636 5080; x_wconf 88' lang='lat' dir='ltr'>Aegyptios</span> <span class='ocrx_word' id='word_1_375' title='bbox 1659 4981 1864 5079; x_wconf 86' lang='lat' dir='ltr'>respondet</span> <span class='ocrx_word' id='word_1_376' title='bbox 1884 4981 2049 5078; x_wconf 91' lang='lat' dir='ltr'>Adamo,</span> 
     </span>
     <span class='ocr_line' id='line_1_35' title="bbox 219 5087 2048 5214; baseline 0.002 -26"><span class='ocrx_word' id='word_1_377' title='bbox 219 5111 403 5190; x_wconf 80' lang='lat' dir='ltr'>Sesostris</span> <span class='ocrx_word' id='word_1_378' title='bbox 426 5138 520 5192; x_wconf 85' lang='lat' dir='ltr'>vero</span> <span class='ocrx_word' id='word_1_379' title='bbox 546 5115 662 5192; x_wconf 87' lang='lat' dir='ltr'>Noae.</span> <span class='ocrx_word' id='word_1_380' title='bbox 714 5111 802 5190; x_wconf 85' lang='lat' dir='ltr'>indi</span> <span class='ocrx_word' id='word_1_381' title='bbox 827 5125 866 5188; x_wconf 88' lang='lat' dir='ltr'>et</span> <span class='ocrx_word' id='word_1_382' title='bbox 889 5113 1082 5202; x_wconf 87' lang='lat' dir='ltr'>Sinenses,</span> <span class='ocrx_word' id='word_1_383' title='bbox 1102 5129 1147 5190; x_wconf 88' lang='lat' dir='ltr'>vt</span> <span class='ocrx_word' id='word_1_384' title='bbox 1169 5087 1270 5214; x_wconf 36' lang='lat' dir='ltr'>&#39;apud</span> <span class='ocrx_word' id='word_1_385' title='bbox 1293 5129 1484 5191; x_wconf 86' lang='lat' dir='ltr'>accuratos</span> <span class='ocrx_word' id='word_1_386' title='bbox 1510 5121 1658 5192; x_wconf 88' lang='lat' dir='ltr'>criticos</span> <span class='ocrx_word' id='word_1_387' title='bbox 1686 5127 1844 5206; x_wconf 89' lang='lat' dir='ltr'>constat,</span> <span class='ocrx_word' id='word_1_388' title='bbox 1864 5118 2048 5194; x_wconf 90' lang='lat' dir='ltr'>diluuium</span> 
     </span>
    </p>
   </div>
   <div class='ocr_carea' id='block_1_6' title="bbox 222 5247 2051 5432">
    <p class='ocr_par' dir='ltr' id='par_1_6' title="bbox 222 5247 2051 5432">
     <span class='ocr_line' id='line_1_36' title="bbox 222 5247 2051 5354; baseline 0.001 -31"><span class='ocrx_word' id='word_1_389' title='bbox 222 5247 361 5324; x_wconf 89' lang='lat' dir='ltr'>eodem</span> <span class='ocrx_word' id='word_1_390' title='bbox 387 5249 466 5324; x_wconf 86' lang='grc'><strong>1111</strong></span> <span class='ocrx_word' id='word_1_391' title='bbox 490 5263 661 5351; x_wconf 85' lang='lat' dir='ltr'>tempore</span> <span class='ocrx_word' id='word_1_392' title='bbox 685 5263 842 5354; x_wconf 88' lang='lat' dir='ltr'>ponunt.</span> <span class='ocrx_word' id='word_1_393' title='bbox 897 5247 1001 5324; x_wconf 88' lang='lat' dir='ltr'>Vnde</span> <span class='ocrx_word' id='word_1_394' title='bbox 1028 5247 1181 5324; x_wconf 88' lang='lat' dir='ltr'>demum</span> <span class='ocrx_word' id='word_1_395' title='bbox 1215 5261 1322 5327; x_wconf 87' lang='lat' dir='ltr'>tanta</span> <span class='ocrx_word' id='word_1_396' title='bbox 1348 5252 1669 5348; x_wconf 87' lang='lat' dir='ltr'>chronologiarum</span> <span class='ocrx_word' id='word_1_397' title='bbox 1698 5253 1981 5340; x_wconf 90' lang='lat' dir='ltr'>conuenientia,</span> <span class='ocrx_word' id='word_1_398' title='bbox 2017 5255 2051 5324; x_wconf 92' lang='lat' dir='ltr'>si</span> 
     </span>
     <span class='ocr_line' id='line_1_37' title="bbox 1617 5367 1637 5432; baseline 0 0"><span class='ocrx_word' id='word_1_399' title='bbox 1617 5367 1637 5432; x_wconf 90' lang='lat' dir='ltr'>b</span> 
     </span>
    </p>
   </div>
   <div class='ocr_carea' id='block_1_7' title="bbox 0 0 2484 6086">
    <p class='ocr_par' dir='ltr' id='par_1_7' title="bbox 0 0 2484 6086">
     <span class='ocr_line' id='line_1_38' title="bbox 0 0 2484 6086; baseline 0 0"><span class='ocrx_word' id='word_1_400' title='bbox 0 0 2484 6086; x_wconf 95' lang='lat' dir='ltr'> </span> 
     </span>
    </p>
   </div>
  </div>
 </body>
</html>
